2517 3934
457 194 731 253 ΗΡΑΚΛΕΙΔΑΙ

204 375 300 456 κείνη
315 368 352 438 δδ
365 367 516 445 Πέλοπος
531 363 711 453 θυγατρός·
727 366 890 446 έξανεψίω

203 468 311 560 πατὴρ
328 465 371 539 ἀν
388 479 439 555 είη
452 467 511 547 σός
524 494 560 536 τε
573 462 620 555 χῶ
636 466 765 535 τούτων
778 493 894 555 γεγος.

205 576 328 663 γένους
340 572 403 660 μὲν
417 567 510 659 ἥκεις
524 562 590 639 ῶδε
603 574 734 655 τοῖσδε,
748 574 941 657 Δημοφῶν·

204 673 227 746 δι’
242 673 275 746 δ’
291 674 385 755 ἐκτός
398 670 463 763 ἤδη
477 679 537 741 τοῦ
553 671 779 762 προσήκοντός
791 693 830 741 σε
848 676 903 741 δεῖ

206 795 294 848 τῖσαι
308 780 394 866 λέγω
408 799 461 846 σοι
475 783 586 845 παισί·
601 777 688 864 φημί
701 774 765 864 γάρ
780 800 861 845 ποτε
1045 787 1095 841 ε15

205 880 378 969 σύμπλους
390 880 551 968 γενέσθαι
563 875 668 947 τῶνδ’
682 873 879 961 ὑπασπίζων
891 881 1002 965 πατρί,

205 990 352 1071 ζωστῆρα
367 991 472 1072 Θησεῖ
483 979 543 1050 τόν
557 979 766 1050 πολυκτόνον
779 981 870 1066 μέτα,

197 1080 316 1153 ’Ἅιδου
329 1081 359 1153 τ’
377 1088 528 1173 έρεμνῶν
542 1082 746 1170 έξαυηγαγεν
759 1088 877 1169 μυχῶν

206 1189 332 1277 πατέρα
345 1186 422 1258 σόν·
437 1183 551 1265 Ἑλλὰς
564 1192 654 1255 πᾶσα
667 1192 767 1253 τοῦτο
782 1198 954 1272 μαρτυρεῖ.

198 1278 259 1379 [ὧν
268 1286 469 1359 ἀντιδοῦναί
478 1285 511 1356 σ’
528 1284 595 1356 οἵδ’
613 1284 814 1356 ἀπαιτοῦσιν
826 1286 934 1376 χάριν,
1043 1302 1095 1354 220

204 1388 282 1479 μήτ’
300 1396 483 1480 ἐκδοθῆναι
496 1389 578 1478 μήτε
591 1389 676 1478 πρὸς
688 1396 768 1477 βίαν
780 1394 876 1457 θεῶν

204 1500 273 1563 τῶν
286 1500 357 1563 σῶν
371 1491 645 1573 ἀποσπασθέντες
659 1495 813 1560 ἐκπεσεῖν
825 1488 959 1579 χθονός.

204 1598 257 1665 σοί
270 1594 335 1686 γάρ
349 1594 421 1666 τόδ’
437 1595 594 1684 αίσχρόν,
608 1596 710 1684 χωρίς
724 1597 761 1662 ἐν
774 1592 870 1661 πόλει
887 1591 1003 1680 κακόν,
1116 1634 1120 1643 -

206 1700 314 1779 ίκέτας
327 1694 448 1787 ἀλήτας
462 1714 652 1785 συγγενεῖς,
666 1707 755 1784 οίμοι
768 1702 893 1783 κακῶν,

206 1803 331 1891 βλέψον
345 1799 428 1891 πρὸς
441 1797 566 1879 αῦτοῦς
578 1802 723 1887 βλέψον,
738 1802 898 1868 ἕλκεσθαι
911 1798 995 1890 βία]
1045 1813 1096 1867 22⁵

205 1900 279 1972 ἀλλ’
296 1899 441 1991 ἀντομαί
452 1925 490 1972 σε
502 1904 559 1971 καὶ
572 1903 769 1989 καταστίφω
781 1915 905 1990 χεροῖν,

207 2002 251 2089 μὴ
268 2004 353 2088 πρός
370 2013 521 2094 γενείου,
536 2010 696 2092 μηδαμῶς
711 1999 870 2092 ἀτιμάσῃς

204 2105 283 2188 τοῦς
296 2104 512 2195 Ἡρακλείους
526 2112 648 2187 παῖδας
663 2111 709 2186 είς
723 2109 821 2193 χέρας
839 2112 966 2192 λαβεῖν.

207 2217 309 2297 γενοῦ
324 2209 362 2278 δὲ
375 2215 487 2280 τοῖσδε
501 2208 683 2298 συγγενής,
697 2214 801 2294 γενοῦ
815 2215 913 2295 φίλος

205 2310 314 2401 πατὴρ
329 2309 476 2401 ἀδελφός
490 2311 670 2399 δεσπότης·
688 2306 819 2379 ἅπαντα
828 2306 893 2398 γὰρ
1045 2323 1097 2378 230

206 2410 300 2483 ταῦτ’
316 2416 386 2483 ἐστὶ
399 2421 543 2505 κρείσσω
561 2411 650 2502 πλὴν
664 2409 900 2525 ῦπὲίργείως
913 2425 1039 2481 πεσεῖν.
1054 2409 1084 2530 μβ

92 2524 163 2587 XO.
205 2512 337 2610 ἀκταί
354 2513 501 2597 ἀκούσας
512 2516 636 2587 τούσδε
649 2521 841 2607 συμφορᾶς,
858 2511 950 2596 ἀναξ.

207 2617 269 2707 την
283 2614 311 2688 δ’
327 2615 503 2706 εὐγένειαν
517 2626 575 2706 τῆς
589 2619 691 2706 τύχης
702 2620 894 2706 νικωμένην

209 2728 274 2791 νῦν
288 2719 330 2809 δὴ
345 2718 478 2809 μάλιστ’
495 2727 655 2790 εἰσεῖδον·
672 2725 744 2789 οἵδε
757 2718 821 2809 γὰρ
836 2716 961 2807 πατρὸς

207 2827 333 2893 ἐσθλοῦ
347 2830 491 2913 γεγῶτες
504 2820 709 2910 δυστυχοῦσ’
726 2819 878 2904 ἀναξίως,
1044 2836 1097 2890 235

92 2932 170 2996 ΔΗ.
210 2934 346 3014 τρισσαί
362 2924 397 3015 μ’
415 2923 640 3014 ἀναγκάζουσι
653 2929 829 3013 συμφορᾶς
843 2920 928 3011 ὁδοί,

208 3024 328 3117 Ἰόλαε,
344 3026 423 3111 τοῦς
437 3026 519 3107 σοῦς
533 3025 577 3115 μὴ
590 3026 814 3116 παρώσασθαι
829 3026 966 3114 λόγους·

209 3129 246 3200 τὸ
260 3131 322 3220 μὲν
335 3134 493 3220 μέγιστον
506 3128 592 3209 Ζεῦς
606 3127 663 3218 ἐφ’
683 3120 726 3198 οῦ
740 3127 782 3198 σύ
796 3129 921 3218 βῶμιος

208 3244 326 3315 θακεῖς
339 3240 490 3304 νεοσσῶν
502 3227 598 3320 τήνδ’
614 3238 700 3319 ἔχων
715 3229 891 3322 ὁμήγυριν,

207 3334 245 3404 τὸ
260 3337 420 3425 συγγενές
433 3336 539 3405 τεκαὶ
552 3332 589 3404 τὸ
606 3340 828 3423 προυφείλειν
841 3337 950 3409 καλῶς
1046 3345 1099 3401 240

209 3437 373 3528 πράσσειν
385 3434 465 3527 παρ’
481 3434 578 3527 ἡμῶν
591 3435 696 3504 τοόσδ
698 3462 714 3504 ε
727 3433 886 3526 πατρῴαν
898 3431 1007 3522 χάριν,

208 3539 246 3609 τό
260 3538 290 3609 τ’
307 3539 461 3629 αίσχρόν,
476 3531 582 3630 οῦπερ
605 3543 661 3609 δεῖ
673 3535 814 3625 μάλιστα
828 3544 1023 3626 φροντίσαι·
