2517 3934
492 215 647 276 ΕΛΕΝΗ

173 379 294 452 Ἰδαῑον
309 386 355 461 είς
370 377 538 469 κευθμῶν’
550 377 768 471 Ἀλέξανδρον
781 382 881 474 πάρα,

162 480 255 572 7Ἥρα
269 483 401 571 Κύπρις
418 510 454 550 τε
467 483 633 570 Διογενής
649 510 684 552 τε
697 486 878 572 παρθένος,
1030 505 1064 558 2⁵

178 592 310 674 μορφῆς
323 587 487 653 θέλουσαι
502 585 769 672 διαπεράνασθαι
782 593 905 675 κρίσιν.

176 684 302 776 τούμόν
317 685 354 754 δὲ
368 685 505 772 κάλλος,
522 693 553 755 εί
565 683 670 755 καλὸν
681 686 719 756 τὸ
734 692 906 776 δυστυχές,

176 789 309 878 Κύπρις
322 783 514 873 προτείνασ’
531 782 575 867 ὡς
587 785 800 876 Ἀλέξανδρος
815 807 923 878 γαμεῖ,

179 898 272 981 νικᾷ·
292 885 401 958 λιποδν
416 889 454 957 δὲ
470 886 654 977 βούσταθμ’
673 887 789 970 Ἰδαῖος
804 891 912 979 Πάρις

176 992 339 1081 Σπάρτην
354 987 490 1077 ἀφίκεθ’.
506 987 551 1071 ύς
567 989 648 1079 ίμδν
660 992 793 1079 σχήσων
806 996 908 1081 λέχος.
1029 1013 1064 1066 ³0

169 1089 253 1183 Ἥρα
270 1093 308 1162 δὲ
321 1089 504 1180 μεμφθεῖσ’
523 1089 632 1162 οὕνεκ’
649 1091 691 1162 ού
705 1100 784 1185 νικᾷ
800 1095 894 1182 θεάς,

177 1197 361 1282 ἐξηνέμωσε
375 1190 445 1281 τᾶμ’
463 1191 670 1286 Ἀλεξάνδρῳ
685 1197 774 1281 λέχη,

179 1301 298 1365 δίδωσι
313 1293 347 1365 δ’
363 1293 427 1364 ούκ
443 1293 502 1383 ἔμ’,
517 1292 591 1365 ἀλλ’
609 1292 790 1382 ὁμοιάσασ’
807 1299 881 1385 ἐμοὶ

180 1403 320 1466 εἴδωλον
333 1405 483 1485 ἔμπνουν
497 1395 647 1486 ούρανοῦ
661 1394 813 1479 ξυνθεῖσ’
829 1396 905 1485 ἄπο,

176 1500 333 1589 Πριάμου
347 1499 517 1588 τυράννου
528 1504 645 1569 παιδί·
664 1501 721 1568 καὶ
735 1505 831 1568 δοκεῖ
841 1498 871 1589 μ’
890 1508 977 1588 ἔχειν
1028 1519 1063 1573 35

177 1600 279 1688 κενήν
293 1602 450 1688 δόκησιν,
465 1598 528 1670 οὐκ
542 1608 638 1688 ἔχων.
669 1597 710 1669 τά
724 1599 756 1670 δ’
774 1593 820 1670 αὖ
835 1601 919 1683 Διὸς

176 1701 373 1791 βουλεύματ’
390 1700 473 1771 άλλα
487 1709 598 1771 τοῖσδε
611 1710 791 1790 συμβαίνει
803 1720 933 1785 κακοῖς·

176 1805 323 1892 πόλεμον
339 1802 402 1893 γάρ
418 1801 611 1892 εἰσήνεγκεν
622 1801 790 1892 Ἑλλήνων
805 1808 906 1892 χθονὶ

177 1908 232 1974 καὶ
248 1908 357 1996 Φρυξὶ
371 1906 607 1993 δυστήνοισιν,
623 1902 668 1986 ὡς
681 1903 782 1992 ὄχλου
798 1915 929 1995 βροτῶν

177 2007 329 2094 πλήθους
342 2035 378 2077 τε
391 2014 566 2096 κουφίσειε
578 2010 704 2098 μητέρα
717 2008 826 2094 χθόνα
1029 2025 1064 2079 40

176 2109 307 2196 γνωτόν
321 2136 356 2178 τε
368 2117 448 2197 θείη
464 2107 524 2177 τὸν
540 2109 720 2198 κράτιστον
729 2106 895 2189 Ἑλλάδος.

178 2217 325 2299 Φρυγῶν
339 2207 371 2278 δ’
389 2213 421 2291 ἐς
435 2207 542 2297 ἀλκήν
554 2214 749 2300 προυτέθην
763 2209 827 2299 ἐγω
841 2210 904 2300 μὲν
917 2208 970 2299 ού,

177 2310 213 2380 τὸ
228 2309 260 2380 δ’
278 2310 384 2400 ὄνομα
398 2308 540 2400 τούμόν,
556 2303 828 2400 οἷθλουἝλλησιν
844 2313 953 2415 δορός.

175 2412 289 2502 λαβύυ
304 2417 343 2482 δέ
354 2411 383 2502 μ’
396 2411 514 2502 Ἐρμῆς
528 2417 565 2482 ἐν
578 2430 756 2500 πτυχαῖσιν
769 2416 907 2502 αἰθέρος

176 2519 302 2604 νεφέλη
316 2515 484 2602 καλύψας,
500 2513 542 2584 ού
556 2514 621 2605 γάρ
636 2513 781 2604 ήμέλησέ
791 2543 859 2604 μου
1029 2534 1063 2586 45

176 2618 276 2703 Ζεύς,
292 2615 384 2686 τόνδ’
402 2621 435 2696 ές
450 2616 545 2686 οἷκον
557 2621 722 2706 Πρωτέως
739 2617 909 2705 ίδρύσατο,

176 2719 311 2787 πάντων
325 2726 508 2808 προκρίνας
521 2722 799 2808 σωφρονέστατον
812 2725 962 2808 βροτῶν,-

176 2816 333 2909 άκέραιον
347 2817 391 2900 ὡς
413 2818 533 2892 σώσειε
559 2824 723 2889 Μενέλεω
737 2823 840 2907 λέχος.

175 2919 266 3008 κάγτδ
281 2922 343 3010 μὲν
357 2919 477 2991 ἐνθάδ’
495 2919 568 3009 είμ’,
584 2920 603 2991 ὁ
619 2919 652 2990 δ’
669 2919 787 3002 άθλιος
801 2923 897 3002 πόσις

176 3020 349 3112 στράτευμ’
366 3020 530 3112 ἀθροίσας
544 3022 602 3104 τὰς
616 3021 696 3110 ἐμάς
709 3021 905 3114 ἀναρπαγὰς
1028 3041 1064 3092 50

176 3131 268 3215 θηρᾷ
282 3127 462 3216 πορευθεὶς
472 3122 570 3194 Ἰλίου
584 3127 800 3214 πυργώματα.

176 3228 280 3312 ψυχαὶ
296 3227 335 3296 δὲ
347 3229 467 3296 πολλαὶ
482 3225 522 3295 δι’
540 3223 586 3314 ἔμ’
602 3229 657 3297 ἐπὶ
670 3233 922 3318 Σκαμανδρίοις

178 3331 311 3414 ροαῑσιν
325 3336 469 3398 ἔθανον·
490 3325 512 3416 ή
527 3329 565 3398 δὲ
578 3330 687 3399 πάντα
701 3327 794 3399 τλᾶσ’
812 3327 876 3416 έγτδ
892 3378 895 3384 -

179 3429 362 3519 κατάρατός
377 3437 443 3520 είμι
458 3433 514 3500 καὶ
528 3437 618 3500 δοκοῖ
632 3428 793 3521 προδούσ’
810 3428 890 3518 ἐμὸν

178 3531 278 3601 πόσιν
291 3531 440 3614 συνάψαι
454 3529 761 3621 πόλεμονἝλλησιν
775 3534 890 3619 μέγαν,
1028 3547 1062 3598 55
