2517 3934
120 161 172 212 DE
192 158 390 210 cumulavit
409 158 622 212 EVRIPIDEIS
641 161 690 211 ΕΤ
708 157 947 210 EDITIONIBVS
981 157 1071 210 XLIX

79 310 196 380 tollere,
219 329 280 371 non
303 312 425 372 miratus
447 329 512 372 sum
535 309 587 371 ubi
609 311 669 370 vidi
692 310 913 372 emendationes
933 308 1070 371 indubias

79 405 194 458 temere
216 402 332 474 spretas
355 403 385 456 et
406 394 519 456 levibus
542 413 575 454 ac
591 412 628 454 ne
651 396 795 474 speciosis
817 395 938 471 quidem
959 397 1069 454 ratiun-

79 479 155 540 culis
176 482 362 557 impuguatas
386 479 422 539 ab
445 481 480 538 iis
502 481 687 557 potissimum
711 480 762 555 qui
785 478 991 555 degustassent
1011 485 1070 537 tra-

79 567 164 642 gicos
194 571 311 640 poetas,
343 581 402 622 non
431 571 563 626 nossent.
608 565 703 641 magis
730 562 802 623 illud
831 564 938 623 mirum
966 561 1072 622 accidit

79 647 160 726 quod
191 649 353 706 extiterunt
381 649 446 723 qui,
476 666 542 707 cum
570 647 703 707 relutare
731 665 777 707 me
805 654 1001 714 conarentur,
1029 643 1071 704 le-

79 730 178 810 genda
201 748 277 808 quae
299 746 354 806 ego
378 733 563 809 scripsissem
587 730 725 791 sibinen
748 726 942 808 perarmati).

145 813 275 893 Operam
307 813 376 872 dedi
403 823 436 873 ut
462 814 646 890 singularum
676 814 915 874 emendationum
945 819 974 874 et
1001 831 1068 873 con·

79 901 261 958 lecturorum
284 905 422 958 auctores
445 899 642 974 explorarem.
677 898 730 958 sed
752 909 810 958 tam
833 905 931 958 vastus
959 904 1004 956 est
1025 896 1070 954 lit-

81 993 214 1043 terarum
242 989 411 1042 nostrarum
441 981 569 1042 ambitus
597 999 632 1041 ac
659 988 739 1041 tanta
774 980 924 1042 alacritate
953 980 1073 1057 plurimi

80 1067 219 1126 homines
241 1066 318 1126 docti
342 1074 371 1124 et
398 1064 510 1127 indocti
539 1065 757 1142 tragoediarum
781 1067 960 1126 Graecarum
983 1065 1071 1124 crisin

81 1157 236 1218 exercent,
266 1157 299 1209 ut
322 1167 440 1209 errores
463 1151 582 1209 omnino
611 1166 715 1209 cavere
737 1167 772 1207 eo
802 1150 831 1207 in
853 1165 964 1223 genere
986 1166 1073 1207 nemo

80 1235 184 1312 possit.
229 1233 336 1312 quodsi
364 1233 433 1293 Tro.
456 1235 515 1293 271
545 1232 710 1311 palmarem
737 1230 974 1291 emendationem
1002 1235 1072 1308 χαλ-

81 1315 275 1394 κεομήστορος
306 1319 336 1376 in
366 1315 481 1378 tabulae
511 1316 598 1377 huius
629 1316 761 1376 editione
784 1314 1023 1391 cantabrigiensi
1046 1333 1071 1377 a.

83 1405 165 1462 1807
189 1417 205 1460 a
228 1400 262 1460 G.
285 1399 430 1478 Burgesio
453 1402 560 1461 laetam
589 1417 654 1460 esse
678 1401 802 1475 eosqui
825 1405 926 1477 postea
949 1397 1072 1475 Euripi-

81 1486 149 1544 dem
173 1485 332 1544 edideruot
354 1503 458 1544 omnes
480 1485 569 1560 sugit,
593 1484 709 1544 conlido
732 1501 841 1561 aequos
863 1483 979 1542 iudices
999 1483 1072 1542 milri

80 1572 197 1629 veniam
221 1587 286 1628 esse
309 1568 445 1638 daturos,
470 1568 520 1627 ubi
543 1587 603 1629 noo
633 1587 700 1627 eum
723 1586 811 1645 quem
834 1566 978 1627 debebam
1001 1585 1071 1626 con·

84 1705 288 1714 “—

150 1783 194 1846 99)
213 1785 255 1834 De
272 1784 376 1834 Phoen.
391 1785 438 1834 1⁷5
452 1798 522 1848 quae
540 1784 570 1831 in
583 1783 703 1847 Euripid.
719 1782 791 1832 Stoa
806 1784 819 1832 1
837 1798 863 1847 p.
878 1785 911 1833 70
923 1783 998 1832 (11010
1010 1788 1073 1831 sunt

80 1854 106 1903 si
130 1852 308 1916 cognovisset
325 1851 466 1915 Hauptins
485 1855 634 1914 antequam
651 1850 787 1900 scriberet
810 1865 880 1913 quae
902 1851 931 1898 in
953 1850 1072 1898 Hermae

80 1919 269 1983 v01.1p.26
291 1933 332 1980 sq.
356 1918 495 1982 leguntur,
521 1923 569 1966 eut
591 1917 648 1966 alia
671 1917 832 1982 protulisset
854 1921 1016 1980 argumente
1039 1919 1072 1965 ed

80 2001 170 2036 meam
185 1985 353 2035 sententiam
367 1985 545 2035 evertendam
558 1989 617 2046 eut,
633 1984 704 2048 quod
718 1999 768 2047 ego
781 1983 890 2048 quidem
903 1982 1073 2046 probabilius

82 2053 210 2111 arbitror,
226 2067 292 2101 suae
306 2052 506 2102 existimationi
524 2067 644 2114 parcens
661 2051 804 2101 tacuisset.
836 2065 909 2099 nunc
921 2050 985 2099 novi
1003 2050 1073 2099 nihil

81 2119 165 2170 affert
174 2124 286 2184 praeter
296 2133 402 2169 errores
412 2124 440 2168 et
452 2117 583 2169 convicia.
602 2119 674 2167 solet
685 2123 778 2167 autem
788 2133 863 2166 meos
873 2115 1072 2180 multorumque

80 2188 169 2239 libros
187 2187 328 2250 Hauptius
344 2185 387 2234 ita
404 2185 505 2250 legere,
523 2189 555 2234 ut
568 2201 601 2234 ee
614 2200 686 2249 quae
699 2185 885 2248 vituperanda
898 2184 1007 2233 duxerit
1018 2198 1073 2232 me-

81 2253 196 2304 moriter
212 2257 321 2303 teneet:
339 2254 555 2317 quotiescunque
568 2266 674 2301 mecum
687 2253 833 2307 consentit,
852 2250 961 2302 laborat
978 2251 1073 2299 neseio

81 2337 138 2384 quo
162 2324 243 2385 paeto
267 2320 338 2369 mire
360 2322 506 2370 memoriae
529 2318 699 2370 infirmitate.
734 2319 830 2382 itaque
850 2333 910 2367 cum
933 2319 962 2367 in
982 2317 1072 2367 Schol.

81 2387 169 2438 Olem.
181 2387 257 2436 Alex.
278 2379 405 2450 Φλεγύου
423 2403 472 2451 pro
486 2383 557 2452 φησὶ
576 2381 708 2451 λέγουσιν
722 2375 812 2442 οὕτως
825 2385 953 2434 emendat
965 2381 1071 2450 (Herm.

80 2455 137 2505 vol.
157 2456 171 2503 1
190 2471 216 2518 p.
228 2451 289 2518 399)
308 2453 354 2503 001
372 2455 402 2502 in
420 2454 508 2503 Schol.
519 2453 624 2518 Vergil.
645 2445 746 2517 κωφὸν
758 2443 910 2514 πρόσωπον
928 2446 1073 2516 0001006-

82 2536 135 2584 pov
152 2513 304 2582 πρόσωπον
321 2522 436 2585 requirit
449 2521 550 2583 (Herm.
564 2521 619 2570 vol.
633 2523 688 2585 5p.
702 2516 772 2584 179),
792 2520 902 2582 ignoret
914 2519 985 2568 istas
997 2533 1073 2567 meos

82 2603 144 2639 esse
169 2587 376 2638 emendationes
399 2587 435 2650 (v.
453 2586 593 2651 Aristoph.
617 2589 684 2651 Byz.
708 2603 734 2650 p.
753 2588 786 2635 60
810 2591 838 2634 01
862 2586 1026 2648 Zeitscltr.f.
1046 2587 1072 2636 d.

83 2655 297 2705 Arteria-Wtss.
316 2653 509 2718 10550173),
546 2654 618 2703 idem
638 2654 673 2703 de
692 2651 780 2702 Schol.
799 2652 871 2702 Stet.
885 2651 972 2702 Theb.
986 2652 1011 2710 d,
1025 2653 1073 2701 163

82 2725 111 2772 01
134 2721 168 2771 de
190 2719 322 2771 Gereidee
346 2723 485 2772 mentione
508 2721 629 2786 quadam
651 2721 681 2768 in
703 2720 795 2769 Herm.
813 2717 901 2768 0014
924 2734 950 2783 p.
969 2718 1019 2768 938
1045 2723 1074 2767 01

81 2788 140 2841 rol.
161 2789 177 2839 5
196 2803 222 2852 p.
242 2791 290 2839 183
308 2802 348 2851 sq.
367 2788 407 2837 ita
426 2789 550 2853 disputat
568 2792 599 2837 ut
620 2787 751 2837 videatur
767 2799 822 2835 non
845 2785 947 2848 legisse
966 2799 1037 2848 quae
1057 2801 1074 2833 a

81 2871 126 2905 me
144 2855 175 2903 in
193 2856 257 2904 Eur.
279 2856 376 2918 fragm.
399 2871 425 2920 p.
444 2858 483 2906 VI
502 2871 542 2919 sq.
563 2860 591 2904 et
608 2854 721 2904 Bulletr'n
744 2855 776 2904 de
797 2852 901 2902 l’Acod.
925 2855 970 2902 des
987 2867 1022 2907 ac.
1041 2854 1074 2902 de

82 2921 121 2972 St.
140 2923 314 2984 Petersbourg
332 2921 386 2971 XII
405 2937 431 2986 p.
444 2923 590 2972 ero-523
610 2922 668 2971 0100
687 2921 822 2984 Meleager
842 2920 1018 2971 Grdco-Rom.
1031 2919 1075 2968 III

81 3004 107 3054 p.
120 2988 223 3039 65-68
236 2989 318 3037 dicta
333 2995 420 3039 erant.
439 2990 583 3039 verborum
602 2988 753 3049 licentiam,
772 3003 826 3052 qua
844 2987 874 3036 in
891 3002 933 3035 me
951 2986 1074 3036 abutitur

80 3056 233 3120 Hauptius‚
246 3055 320 3107 haud
333 3059 449 3118 gravate
463 3055 532 3118 fero,
546 3071 607 3104 cum
620 3055 690 3104 nihil
704 3055 793 3104 adhuc
807 3054 873 3104 mihi
885 3055 954 3103 vitio
967 3052 1075 3102 dederit

81 3123 155 3186 quod
175 3122 313 3172 excidisse
327 3122 394 3171 mihi
413 3123 523 3176 nollem.
553 3123 615 3186 ipse
629 3122 718 3172 nollet
735 3121 855 3171 10010000
868 3121 923 3170 sibi
935 3119 1073 3169 excidisse

81 3189 147 3240 duos
165 3189 327 3251 versiculos,
350 3190 450 3252 quibus
468 3189 625 3239 Phaedrum
645 3204 733 3253 nuper
752 3189 854 3240 ditavit
872 3187 976 3250 (Herm.
990 3186 1073 3238 0012

82 3271 107 3322 p.
123 3257 139 3308 'l
154 3253 219 3322 sq.)‚
239 3260 362 3320 exemplis
381 3258 526 3306 continetur
543 3258 649 3320 apolopi
663 3272 743 3320 penus
761 3261 789 3305 et
806 3256 970 3304 iucunditatis
987 3269 1074 3303 ansero

80 3327 199 3388 repperit
220 3323 314 3374 Venus.
348 3327 423 3373 certe
442 3328 560 3386 utroque
579 3325 607 3373 in
625 3338 708 3372 versu
720 3323 848 3372 vitiosum
865 3321 960 3370 intulit
978 3322 1074 3385 quinto

80 3391 144 3454 pedi
157 3391 289 3442 iambum.
315 3391 421 3455 siquem
435 3391 518 3440 alium
529 3390 674 3454 Hauptius
686 3389 802 3439 vidisset
814 3388 917 3438 similia
929 3388 1073 3436 admisisse

80 3458 163 3521 vitia,
188 3464 294 3521 quanto
313 3457 393 3507 hiatu
417 3458 605 3522 increpuisset
624 3457 794 3506 “libidinem
813 3460 891 3505 extra
909 3454 1073 3518 disciplinae

80 3521 148 3576 fines
165 3529 270 3575 temere
290 3527 508 3590 evagantem''?

129 3611 222 3653 svam
237 3611 303 3654 voc.
319 3613 328 3653 1
904 3610 923 3662 d
