2517 3934
501 173 564 230 ΗΛ
570 173 699 229 ΕΚΤΡΑ
1032 169 1093 237 25⁷

204 342 248 423 ὡς
266 341 454 431 πρόσβασιν
467 338 569 410 τῶνδ’
587 338 713 430 ὀρθίαν
728 351 832 412 οίιιων
847 349 913 430 ἔχει

203 449 296 537 ῥυσῷ
310 446 443 532 γέροντι
456 449 542 536 τῷδε
557 452 745 533 προσβῆναι
758 450 848 513 ποδί.
1042 463 1092 518 490

203 544 293 636 ὅμως
308 546 345 614 δέ
360 544 443 633 πρός
457 574 495 633 γε
509 543 589 626 τοὺς
604 553 727 632 φίλους
741 548 912 628 ἐξελκτέον

203 654 327 735 διπλῆν
341 643 497 717 άκανθαν
510 650 567 716 καὶ
581 655 790 738 παλίρροπον
805 647 900 737 γόνυ.

204 741 232 820 ὦ
245 750 411 838 θύγατερ,
428 746 504 837 άρτι
518 750 581 838 γάρ
596 771 634 818 σε
648 748 730 837 πρὸς
744 749 860 838 δόμοις
874 746 953 838 δρῶ,

202 849 273 941 ἥκω
288 855 403 940 φέρων
416 871 470 920 σοι
485 859 552 920 τῶν
568 855 658 939 ἐμῶν
671 852 891 939 βοσκημάτων

203 961 347 1042 ποίμνης
359 951 504 1040 νεογνόν
519 950 644 1042 θρέμμ’
662 949 857 1033 ὑποσπάσας
871 952 949 1022 τόδε
1042 968 1094 1024 49⁵

202 1055 391 1143 στεφάνους
403 1082 439 1124 τε
452 1058 598 1143 τευχέων
610 1052 641 1123 τ’
658 1055 779 1136 ἐξελοδυ
792 1054 992 1144 τυρεύματα,

205 1157 348 1228 παλαιόν
363 1185 399 1226 τε
413 1157 630 1246 θησαύρισμα
644 1157 819 1226 Διονύσου
832 1157 911 1226 τόδε

204 1257 289 1352 ὀσμῇ
304 1266 461 1349 κατῆρες,
476 1259 614 1348 μικρόν,
630 1255 705 1328 ἀλλ’
723 1262 934 1346 έπεισβαλεϊν

202 1359 269 1450 ἡδύ
283 1361 417 1450 σκύφον
430 1361 526 1431 τοῦδ’
543 1358 776 1454 ἀσθενεστέρῳ
790 1368 890 1454 ποτῷ.

204 1474 263 1533 ίτω
279 1466 394 1552 φέρων
407 1489 456 1544 τις
469 1479 538 1545 τοῖς
552 1465 658 1546 ξένοις
672 1460 746 1533 τάδ’
765 1469 812 1542 είς
827 1463 966 1551 δόμους·
1043 1479 1095 1532 σω

205 1564 269 1654 έγοδ
286 1565 323 1635 δὲ
338 1565 451 1656 τρύχει
464 1563 543 1658 τῷδ’
562 1569 651 1653 έμοόν
665 1568 802 1635 πέπλων
814 1565 915 1655 κόρας

204 1667 381 1758 δακρύοισι
395 1670 509 1755 τέγξας
524 1669 764 1757 ἐξομόρξασθαι
778 1670 880 1736 θέλω.

157 1823 163 1836 .
205 1778 240 1839 τί
255 1767 301 1858 δ’,
318 1763 487 1859 ύγεραιέ,
506 1772 687 1860 διάβροχον
702 1767 774 1839 τόδ’
792 1766 871 1858 ὄμμ’
891 1775 993 1856 έχεις;

205 1879 278 1960 μῶν
291 1868 378 1958 τάμδι
391 1870 447 1940 διά
460 1872 584 1961 χρόνου
597 1869 629 1940 σ’
647 1869 833 1960 άνέμνησεν
852 1872 954 1953 κακά;

205 1970 226 2060 ἦ
239 1972 297 2054 τὰς
310 1970 467 2061 Ὀρέστου
481 1973 645 2061 τλήμονας
659 1971 772 2062 φυγάς
786 1974 912 2052 στένεις
1044 1988 1095 2043 505

205 2078 261 2144 καὶ
276 2078 401 2163 πατέρα
415 2073 475 2144 τὸν
490 2075 587 2164 ἐμόν,
602 2071 643 2145 όν
657 2072 731 2144 ποτ’
748 2078 785 2144 ἐν
798 2089 911 2162 χεροῖν
926 2081 1011 2159 ἔχων

205 2173 342 2265 ἀνόνητ’
360 2177 506 2266 έθρεψάς
520 2185 577 2246 σοί
591 2204 627 2246 τε
641 2179 698 2246 καὶ
711 2192 781 2256 τοῖς
794 2191 864 2256 σοῖς
880 2182 1010 2263 φίλοις;

153 2331 159 2344 .
206 2275 368 2367 ἀνόνηθ’·
384 2275 473 2366 ὅμως
487 2276 519 2347 δ’
537 2270 601 2348 ούν
614 2278 714 2348 τοῦτό
728 2275 760 2367 γ’
778 2274 841 2347 ούκ
855 2273 1053 2365 ἠνεσχόμην.

206 2373 316 2472 ἦλθον
330 2377 394 2470 γάρ
409 2378 516 2450 αύτού
530 2379 614 2469 πρός
627 2381 737 2469 τάφον
752 2375 892 2469 πάρεργ’
910 2375 994 2449 όδού

206 2485 263 2554 καλ
276 2481 476 2572 προσπεσόν
491 2481 627 2552 έκλαυσ’
645 2487 781 2574 ἐρημίας
795 2482 917 2568 τυχών,
1047 2499 1098 2550 510

207 2584 355 2664 σπονδάς
368 2612 421 2672 τε,
437 2585 539 2666 λύσας
555 2583 660 2654 άσκδν
675 2581 715 2654 δν
730 2588 822 2672 φέρω
837 2586 955 2670 ξένοις,

209 2695 360 2774 ἔσπεισα,
377 2687 493 2778 τύμβῳ
508 2684 540 2756 δ’
557 2684 740 2776 άμφέθηιια
753 2693 928 2774 μυρσίνας.

208 2796 317 2878 πυράς
331 2785 365 2858 δ’
382 2786 435 2858 ἐπ’
453 2786 555 2877 αὐτῆς
570 2789 623 2858 οἶν
636 2789 839 2876 μελάγχιμον
852 2787 945 2879 πόκφ

210 2891 356 2979 σφάγιον
370 2894 500 2960 έσεϊδον
515 2887 595 2979 αἷμά
607 2887 639 2959 τ’
658 2887 699 2958 ού
714 2890 816 2960 πάλαι
830 2889 938 2977 χυθὲν

208 2995 334 3080 ξανθῆς
347 3021 383 3062 τε
396 3000 509 3080 χαίτης
522 2991 729 3082 βοστρύχους
742 2994 977 3080 κεκαρμένους.
1047 3009 1099 3061 515

207 3093 415 3182 κάθαύμασ’,
431 3086 458 3164 ύ
472 3109 548 3181 παῖ,
563 3102 614 3174 τίς
627 3091 702 3165 ποτ’
719 3091 914 3185 ἀνθρώπων
929 3101 1005 3180 έτλη

209 3196 292 3285 πρὸς
309 3198 439 3285 τύμβον
453 3200 583 3265 ἐλθεῖν·
599 3193 641 3265 ού
657 3195 720 3285 γάρ
736 3193 897 3286 Ἀργείων
913 3198 953 3282 γέ
964 3218 1030 3274 τις·

211 3295 285 3368 ἀλλ’
302 3290 383 3388 ἦλθ’
401 3309 480 3379 ίσως
494 3326 561 3368 που
576 3297 633 3379 σὸς
646 3307 844 3387 κασίγνητος
859 3297 981 3387 λάθρα,

210 3399 323 3489 μολών
339 3399 372 3470 δ’
390 3398 555 3490 έθαύμασ’
573 3397 696 3470 άθλιον
708 3401 837 3487 τύμβον
851 3398 984 3487 πατρός.

211 3505 331 3585 σκέψαι
345 3502 383 3572 δδ
395 3511 513 3592 χαίτην
528 3514 746 3593 προστιθεῖσα
760 3509 803 3590 σῇ
817 3500 915 3589 κόμη,
1051 3517 1102 3570 520

179 3619 270 3664 ενευο.
292 3623 355 3663 vot.
377 3607 398 3662 1.
897 3595 935 3662 17
