2517 3934
449 211 733 271 ΑΝΔΡΟΜΑΧΗ
1054 211 1096 274 58

202 377 271 451 ἀλλ’
289 387 336 460 είς
349 387 431 467 μίαν
445 382 625 468 βλέποντες
640 377 781 450 εὐναίαν
794 382 931 473 Κύπριν

200 486 419 571 στέργουσιν,
435 479 526 562 ὅστις
539 481 584 570 μὴ
599 510 711 563 κακος
728 489 836 554 οίκετν
853 487 957 555 θέλει.
1047 502 1095 558 180

85 595 157 656 x0.
203 584 396 675 ἐπίφθονόν
409 613 442 653 τι
454 592 565 674 χρῆμα
578 593 719 673 θηλείας
735 584 861 670 φρενός

200 691 258 758 καλ
271 687 469 776 ξυγγάμοισι
483 688 647 775 δυσμενὲς
660 685 792 776 μάλιστ’
809 686 874 760 άεί.

84 800 161 862 AN.
203 798 271 879 φεῦ
287 797 371 879 φεῦ·

201 891 307 963 κακόν
321 919 360 980 γε
374 902 514 980 θνητοῖς
527 889 564 960 τὸ
579 894 659 960 νέον
675 897 713 960 ἐν
728 917 765 960 τε
781 901 827 983 τῶ
845 898 910 985 νέφ

199 995 236 1065 τὸ
250 992 296 1083 μὴ
310 1000 443 1065 δίκαιον
458 990 549 1074 ὅστις
562 991 758 1084 άνθρῶπων
772 1001 849 1083 ἔχει.
1043 1013 1093 1071 185

199 1097 265 1187 ἐγῶ
280 1097 318 1167 δέ
330 1102 444 1185 ταρβῶ
460 1095 505 1185 μὴ
519 1092 557 1165 τὸ
571 1097 751 1166 δουλεύειν
764 1099 807 1185 μέ
818 1118 872 1168 σοι

200 1201 311 1289 λόγων
325 1196 444 1288 άπῶση
460 1195 551 1268 πόλλ’
573 1206 717 1286 ἔχουσαν
730 1205 857 1287 ἐνδικα,

197 1297 241 1390 ἢν
258 1302 290 1372 δ’
308 1292 353 1370 αὖ
367 1301 538 1391 κρατήσω,
553 1299 599 1389 μὴ
610 1298 661 1370 ’πί
676 1296 759 1393 τῶδ’
776 1299 871 1391 όφλω
884 1305 1033 1393 βλάβην·

197 1411 233 1474 ολ
244 1403 308 1493 γάρ
324 1408 483 1484 πνέοντες
495 1405 623 1492 μεγάλα
638 1402 719 1484 τούς
733 1414 911 1493 κρείσσους
925 1407 1048 1497 λόγους

134 1547 174 1651 ρ
197 1509 485 1611 πικρῶςφέρουσι
498 1513 567 1576 τῶν
581 1505 773 1576 ἐλασσόνων
791 1505 874 1578 ὕπο·
1041 1527 1093 1583 190

198 1607 288 1699 ὅμως
304 1606 337 1678 δ’
355 1608 504 1697 ἐμαυτὴν
516 1606 559 1678 ού
574 1606 739 1698 προδοῦσ’
756 1607 937 1699 άλῶσομαι.

199 1709 274 1800 εἴπ’,
293 1703 320 1781 ῶ
333 1719 448 1799 νεᾶνι,
463 1717 509 1803 τῷ
525 1711 559 1780 α’
576 1711 725 1804 ἐχεγγύῳ
739 1713 830 1807 λόγῳ

197 1811 366 1885 πεισθείσ’
383 1811 514 1883 άπωθῶ
528 1822 679 1902 γνησίων
692 1816 962 1905 νυμφευμάτων;

197 1915 242 2000 ῶς
255 1914 277 2006 ἡ
291 1917 445 1988 Λάκαινα
462 1924 530 1985 τῶν
545 1924 693 2006 Φρυγῶν
707 1925 812 2005 μείων
826 1918 933 2006 πόλις,

196 2018 279 2106 τύχη
305 2017 338 2089 θ’
354 2016 505 2108 ύπερθελ
526 2016 599 2107 κάμ’
616 2023 804 2110 ἐλευθέραν
818 2017 917 2112 ὁρᾷςς
1041 2039 1091 2094 195

195 2119 218 2212 ἢ
235 2130 282 2215 τῶ
296 2125 363 2214 νέρι
379 2124 486 2191 τεκαὶ
502 2129 691 2212 σφριγῶντι
706 2122 835 2211 σάματι

195 2229 344 2299 πλούτου
361 2256 397 2296 τε
414 2226 548 2313 μεγέθει
564 2227 621 2294 καλ
638 2233 747 2312 φίλοις
767 2222 933 2311 ἐπηρμένη

195 2326 291 2397 ολκον
304 2341 482 2413 κατασχεῖν
496 2324 556 2394 τόν
569 2324 631 2394 σόν
646 2322 721 2394 άντλ
735 2333 797 2396 σού
811 2330 902 2397 θέλω
915 2358 924 2411 ;

196 2429 343 2517 πότερον
356 2425 397 2497 ἵν’
412 2424 498 2515 αύτὴ
514 2433 636 2508 παῖδας
650 2425 726 2497 άντλ
740 2435 804 2497 σοῦ
821 2432 906 2499 τέκω

196 2532 341 2612 δούλους
355 2534 481 2619 ἐμαυτῇ
495 2526 520 2599 τ’
537 2527 664 2599 άθλίαν
682 2534 863 2619 ἐφολκίδας
1038 2551 1091 2602 200

196 2629 311 2722 ἢτούς
324 2633 424 2722 ἐμούς
438 2660 487 2712 τις
502 2639 623 2712 παῖδας
637 2635 821 2715 ἐξανέξεται

197 2744 309 2816 Φθίας
323 2735 513 2825 τυράννους
527 2732 644 2821 ὄντας,
659 2730 702 2822 ἦν
721 2733 765 2805 σύ
778 2734 823 2823 μὴ
838 2738 952 2826 τέκης;

196 2846 335 2927 φιλοῦσι
349 2838 413 2926 γάρ
427 2836 457 2926 μ’
467 2833 625 2926 Ἕλληνες
635 2833 793 2928 Ἕκτορός
806 2835 831 2907 τ’
847 2835 924 2926 άπο,

195 2939 282 3029 αύτή
295 2938 319 3009 τ’
337 2937 472 3029 άμαυρά
485 2938 549 3009 κού
562 2940 729 3028 τύραννος
744 2930 768 3028 ἦ
787 2946 944 3030 Φρυγῶν.

197 3041 260 3114 ούκ
275 3046 307 3125 ἐξ
322 3048 412 3131 ἐμῶν
426 3064 465 3112 σε
478 3043 667 3133 φαρμάκων
682 3059 801 3132 στυγεῖ
813 3044 919 3131 πόσις,
1038 3061 1089 3113 205

198 3142 283 3228 [ἀλλ’
302 3150 334 3212 ελ
345 3149 496 3225 ξυνεῖναι
509 3142 554 3230 μὴ
578 3142 740 3230 ’πιτηδεία
755 3150 890 3231 κυρεῖς]

195 3252 339 3334 φίλτρον
353 3246 392 3315 δὲ
404 3246 463 3314 καί
474 3242 565 3314 τόδ’·
581 3242 624 3314 ού
639 3244 676 3314 τὸ
695 3245 832 3335 κάλλος,
848 3239 876 3315 ῶ
889 3248 1001 3337 γύναι,

198 3343 277 3416 ἄλλ’
295 3344 412 3437 ἀρεταὶ
426 3351 590 3439 τέρπουσι
602 3346 682 3429 τούς
696 3351 907 3431 ξυνευνέτας.

194 3449 238 3519 σύ
253 3447 287 3519 δ’
304 3447 348 3538 ἦν
361 3478 393 3519 τι
408 3458 568 3541 κνισθῇς,
583 3447 604 3539 ἡ
617 3451 771 3520 Λάκαινα
783 3453 846 3539 μὲν
860 3451 955 3532 πόλις

195 3549 264 3641 μέγ’
282 3556 370 3640 ἐστί,
385 3552 448 3642 τὴν
462 3553 500 3622 δὲ
516 3561 655 3641 Σκῦρον
670 3550 823 3640 ούδαμοῦ
837 3559 945 3640 τίθης,
1036 3569 1087 3619 21⁰
