2517 3934
163 180 228 246 374
570 179 777 241 ΙΚΕΤΙΔΕΣ

278 355 317 425 τδ
332 352 398 445 γὰρ
412 350 592 422 θανόντων
605 351 735 420 τέκνων

281 455 445 527 ἐπίπονόν
456 483 488 524 τι
502 448 586 524 κατὰ
600 468 765 542 γυναῖκας

280 564 328 639 είς
341 559 442 647 γόονς
455 559 589 645 πέφυκε
603 555 723 635 πόθος.
759 556 821 624 δέ·

279 668 434 730 θανοῦσα
447 656 552 729 τῶνδ’
568 654 700 746 ιἰλγέων
713 662 893 745 λαθοίμαν.

164 771 239 835 ΘΗ.
281 769 387 833 τίνων
402 759 503 849 γόους
519 760 649 847 ἥκουσα
667 762 721 828 καὶ
741 761 888 845 στέρνων
904 757 1037 829 κτύπον

278 872 413 953 νεκρῶν
428 891 463 933 τε
477 861 647 952 θρήνους,
662 858 766 931 τῶνδ’
781 855 980 951 ἀνακτόρων
994 854 1063 931 ἄπο

279 965 362 1055 ήχής
381 965 516 1052 ίούσης;
535 964 579 1045 ῶς
605 962 709 1051 φόβος
727 960 764 1051 μ’
780 960 966 1052 ἀναπτεροῖ

279 1068 325 1158 μή
339 1076 400 1156 μοί
411 1096 442 1138 τι
456 1067 580 1157 μήτηρ,
595 1063 640 1156 ἢν
652 1072 853 1154 μεταστείχω
868 1066 948 1135 ποδί

279 1178 421 1261 χρονίαν
435 1167 590 1240 ἀποῦσαν
604 1173 642 1238 ἐκ
656 1168 787 1257 δόμων,
802 1174 860 1258 ἔχη
873 1169 962 1238 νέον.

280 1280 334 1343 ἔα·

279 1382 316 1445 τί
326 1382 452 1463 χρήμα;
466 1371 584 1453 καινὰς
600 1369 754 1461 εἰσβολὰς
767 1368 836 1461 ὁρῶ
852 1373 952 1459 γόων,

279 1480 405 1566 μητέρα
418 1474 559 1565 γεραιὰν
572 1482 705 1563 βωμίαν
719 1477 891 1564 ἐφημένην

279 1580 376 1660 ξένας
393 1580 430 1649 θ’
449 1579 534 1670 ὁμού
561 1593 742 1667 γυναῖκας,
757 1574 819 1664 ούχ
834 1581 893 1647 ἕνα
908 1574 1046 1665 ῥυθμὸν

279 1687 395 1750 κακῶν
408 1680 564 1767 ἐχούσας·
581 1687 618 1751 ἔκ
633 1708 669 1750 τε
684 1678 749 1770 γὰρ
765 1688 958 1769 γερασμίων
1150 1697 1185 1754 95

279 1778 391 1852 ὅσσων
404 1780 585 1852 ἐλαύνουσ’
602 1780 738 1872 οἰκτρὸν
754 1790 801 1864 εἰς
815 1798 914 1871 γαῖαν
929 1780 1050 1872 δάκρυ,

277 1886 400 1974 κουραί
414 1884 452 1955 δέ
465 1886 522 1954 καὶ
536 1881 730 1974 πεπλώματ’
746 1882 788 1955 ού
802 1883 962 1973 θεωρικά.

277 1995 314 2058 τί
324 1994 446 2075 ταῦτα,
461 1994 584 2077 μήτερς
598 1986 660 2058 σόν
673 1985 710 2059 τὸ
725 1987 869 2077 μηνύειν
885 1992 967 2076 έμοί,

278 2086 375 2179 ἡμῶν
388 2087 420 2159 δ’
438 2086 592 2161 ἀκούειν·
607 2096 785 2179 προσδοκῶ
800 2119 832 2161 τι
845 2089 909 2180 γὰρ
924 2090 1013 2161 νέον.

216 2245 224 2262 .
278 2184 396 2280 ῶπαί,
411 2208 570 2282 γυναῖκες
583 2198 658 2263 αἵδε
675 2195 814 2283 μητέρες
828 2195 956 2263 τέκνων
1132 2212 1183 2266 100

279 2302 348 2365 τῶν
364 2295 606 2365 κατθανόντων
619 2292 707 2385 ἀμφὶ
721 2302 893 2384 Καδμείας
906 2294 1013 2375 πύλας

280 2396 362 2469 ἑπτὰ
374 2403 584 2487 στρατηγῶν·
601 2402 739 2479 ἱκεσίοις
753 2401 791 2468 δὲ
804 2396 871 2468 σύν
884 2397 1020 2478 κλάδοις

278 2507 476 2589 φρουροῦσί
485 2497 535 2589 μ’,
554 2496 599 2581 ῶς
616 2504 796 2590 δέδορκας,
811 2504 850 2571 έν
862 2500 994 2593 κύκλῳ,
1009 2502 1150 2571 τέκνον.

163 2608 238 2670 ΘΗ.
279 2610 329 2683 τίς
344 2598 377 2671 δ’
394 2598 413 2672 ό
427 2603 596 2687 στενάζων
610 2601 748 2692 οίκτρὸν
762 2607 800 2673 έν
812 2603 935 2684 πύλαις
948 2600 1027 2688 ὅδε;

161 2712 223 2772 ΑΙ.
267 2701 470 2794 Ἄδραστος,
487 2702 531 2786 ῶς
544 2707 720 2794 λέγουσιν,
731 2702 893 2795 Ἀργείων
909 2702 1000 2789 ἅναξ.
1126 2722 1180 2778 100

163 2812 238 2875 ΘΗ.
282 2812 318 2877 οί
329 2804 362 2876 δ’
377 2804 465 2896 ἀμφὶ
478 2808 577 2878 τόνδε
590 2814 708 2890 παῖδες
722 2800 744 2898 ή
758 2808 878 2878 τούτου
893 2810 1010 2892 τέκνας

161 2917 223 2977 ΑΙ.
276 2904 358 2996 ούκ,
373 2907 458 2980 ἀλλὰ
472 2919 604 3000 νεκρῶν
617 2918 687 2981 τῶν
699 2909 878 2982 ὀλωλότων
889 2912 994 3000 κόροι.

162 3016 237 3079 ΘΗ.
278 3018 315 3080 τί
324 3008 389 3101 γὰρ
403 3010 488 3099 πρὸς
500 3009 587 3101 ἡμᾶς
600 3006 711 3102 ήλθον
726 3019 834 3105 ίκεσία
848 3021 925 3104 χερί
929 3044 938 3097 ;

160 3121 222 3183 ΑΙ.
276 3108 363 3182 οἶδ’·
379 3109 464 3183 ἀλλὰ
478 3121 586 3185 τῶνδε
599 3124 711 3204 μῦθος
725 3113 932 3205 οὑντεῦθεν,
946 3117 1078 3187 τέκνον.

161 3221 235 3284 ΘΗ.
277 3214 315 3286 σέ
328 3212 389 3286 τὸν
403 3216 530 3307 κατήρη
544 3224 729 3306 χλανιδίοις
741 3217 917 3307 ιἰνιστορῶ.
1122 3236 1176 3289 110

276 3317 348 3407 λέγ’
363 3319 554 3402 ἐκκαλύψας
569 3327 674 3409 κρᾶτα
689 3324 744 3390 καὶ
760 3324 876 3407 παρεὶς
890 3322 989 3411 γόον·

277 3425 381 3505 πέρας
395 3419 460 3507 γὰρ
476 3419 579 3491 οὐδὲν
592 3421 638 3509 μή
653 3422 710 3491 διὰ
725 3424 876 3513 γλιόσσης
894 3429 958 3494 ίόν.

163 3526 236 3587 ΑΔ.
281 3511 308 3586 ῶ
322 3527 494 3590 καλλίνικε
510 3519 772 3612 γῆςἈθηναίων
787 3522 880 3613 ἄναξ,
