2517 3934
511 202 708 261 HAEKTPA
1040 194 1103 261 275

212 374 377 463 μέμνησο,
393 378 514 460 μῆτερ,
530 366 590 450 οὓς
605 374 717 452 ἔλεξας
730 367 894 452 ὑστάτους
1036 388 1103 440 1000

213 475 349 565 λόγους,
365 479 507 543 διδοῦσα
522 470 605 563 πρὸς
619 476 659 541 σε’
670 500 727 561 μοι
741 480 940 562 παρρησίαν.

101 588 168 649 ΚΛ.
211 580 267 647 καὶ
281 584 347 645 νῦν
361 577 401 647 δέ
412 604 498 665 φημι
513 570 597 644 κοόκ
612 571 826 664 ἀπαρνοῦμαι
846 575 883 643 τό
901 575 957 662 μή.

99 688 172 751 ΗΛ.
213 672 278 770 ἆρα
292 678 459 765 κλύουσα,
473 685 594 766 μῆτερ,
611 675 671 745 εἶτ’
687 680 792 764 ἔρξεις
806 684 934 759 munim

12 784 14 787 ’
98 791 170 852 ΚΛ.
212 778 274 852 οόκ
289 787 430 870 ἔστι,τῇ
444 786 487 869 σῇ
502 777 535 848 δ’
551 776 617 868 ἡδὺ
632 779 817 867 προσθήσω
832 786 943 868 φρενί.

101 892 172 955 ΗΛ.
213 881 340 971 λέγοιμ’
358 880 416 952 ἄν·
435 878 519 971 ἀρχὴ
537 878 569 950 δ’
589 878 650 969 ἥδε
666 909 723 969 μοι
739 888 929 971 προοιμίου.
1037 898 1103 952 1000

216 982 285 1057 εἴθ’
305 985 405 1073 εἶχες,
420 975 448 1052 (ό
462 990 622 1070 τεκοῦσα,
638 992 791 1071 βελτίους
806 985 943 1073 φρένας.

213 1088 250 1157 τό
264 1088 327 1175 μέν
339 1085 403 1175 γὰρ
419 1086 506 1167 εἶδος
521 1084 617 1156 αίνον
633 1083 727 1167 ἄξιον
740 1088 858 1176 φέρειν

208 1187 340 1278 Ἑλένης
355 1216 390 1257 τε
404 1184 459 1257 καί
473 1194 555 1274 σοῦ,
570 1187 634 1257 δύο
650 1186 682 1256 δ’
702 1194 805 1275 ἔφυτε
818 1186 975 1275 συγγόνω

214 1288 314 1379 ἄμφω
328 1298 456 1379 ματαίω
470 1288 642 1379 Κάστορός
656 1288 687 1358 τ’
704 1287 767 1358 οὐκ
782 1284 873 1371 ἀξίω.

212 1388 235 1481 ἣ
250 1393 312 1481 μέν
325 1391 389 1482 γὰρ
407 1387 609 1482 δρπασθελσ’
626 1389 740 1461 ἑκοῦσ’
757 1387 918 1483 ἆπηόχετο,
1038 1406 1104 1461 1005

214 1492 257 1564 σύ
271 1490 304 1564 δ’
321 1491 418 1582 ἄνδρ’
435 1492 573 1584 ἄριστον
587 1490 744 1574 Ἑλλάδος
758 1493 929 1580 διώλεσας,

214 1604 338 1684 σκῆψιν
351 1594 578 1685 προτείνουσ’,
596 1592 641 1676 ὡς
655 1592 742 1685 ὑπὲρ
755 1598 875 1665 τέκνου
891 1594 991 1664 πόσιν

216 1705 381 1779 ἔκτεινας·
397 1696 440 1767 οὐ
454 1698 536 1786 γάρ,
551 1694 596 1777 ὥς
612 1694 725 1785 ἔγωγ’,
741 1705 835 1768 ίσασί
846 1693 878 1765 σ’
895 1688 951 1766 εὖ·

214 1796 286 1888 ἥτις
299 1799 469 1889 θυγατρός
483 1801 564 1887 πρὶν
577 1807 793 1889 κεκυρῶσθαι
806 1798 940 1887 σφαγὰς

215 1898 338 1971 νέοντ’
356 1897 414 1971 ἄπ’
430 1910 534 1970 οίκων
549 1897 673 1990 ἀνδρὸς
686 1904 921 1989 ἐξωρμημένου
1038 1914 1106 1971 1070

216 2001 344 2086 ξανθὸν
359 2002 532 2093 κατόπτρῳ
547 2002 719 2090 πλόκαμον
732 2003 877 2089 ἐξήσκεις
891 2002 1003 2089 κόμης.

215 2103 302 2193 γυνὴ
318 2101 350 2173 δ’
366 2102 508 2183 ἀπόντος
523 2100 645 2192 ἀνδρὸς
659 2100 731 2192 ἥτις
744 2109 780 2174 ἐκ
795 2104 910 2192 δόμων

217 2213 264 2286 είς
277 2206 397 2287 κάλλος
411 2204 523 2292 ἀσκεῖ,
538 2202 698 2296 διάγραφ’
715 2203 760 2285 ὡς
773 2196 879 2275 οὖσαν
891 2205 1009 2291 κακήν.

219 2305 399 2397 οὐδὲνγὰρ
415 2304 523 2394 αὐτὴν
538 2312 593 2377 δεῖ
603 2308 752 2394 θύρασιν
767 2303 930 2394 εὐπρεπὲς

218 2416 355 2497 φαίνειν
369 2408 565 2498 πρόσωπον,
580 2407 623 2498 ἥν
638 2437 670 2478 τι
684 2409 729 2497 μὴ
744 2416 822 2497 ζητῇ
836 2408 951 2478 κακόν.
1041 2420 1107 2478 1070

219 2511 327 2599 μόνην
341 2511 379 2579 δέ
392 2516 510 2579 πασῶν
523 2508 588 2579 οἶδ’
606 2508 672 2599 ἐγὼ
686 2507 719 2579 6'
732 2508 947 2598 Ἑλληνίδων,

220 2619 252 2681 εί
263 2612 325 2700 μέν
339 2611 379 2681 τὰ
398 2612 524 2699 Τρώων
541 2608 694 2700 εὐτυχοῖ,
710 2616 929 2702 κεχαρμένην,

220 2720 252 2783 εί
263 2710 295 2781 δ’
314 2709 430 2801 ἥσσον’
448 2723 516 2801 είη,
531 2717 769 2803 συννέφουσαν
783 2710 911 2801 ὄμματα

218 2813 442 2906 [Ἀγαμέμνον’
451 2812 493 2883 οὐ
506 2815 694 2904 χρῄζουσαν
709 2818 744 2884 ἐκ
763 2821 883 2904 Τροίας
896 2813 1038 2903 μολελνί.

219 2924 328 2987 καίτοι
342 2924 452 2997 καλοῖς
460 2944 499 3004 γε
509 2932 701 3005 σωφρονεῖν
714 2919 853 3005 παρεῖχέ
865 2938 935 2986 σοι·
1041 2932 1108 2985 1080

220 3014 318 3106 ἄνδρ’
337 3018 420 3105 εἶχες
435 3015 476 3087 οὐ
491 3015 622 3087 κακίον’
638 3024 809 3106 Αίγίσθου
823 3018 933 3106 πόσιν,

165 3157 167 3161 ·
219 3116 260 3189 δν
273 3116 387 3200 Ἑλλὰς
401 3116 504 3207 αὐτῆς
518 3125 622 3189 εἵλετο
639 3120 875 3210 στρατηλάτην.

215 3218 348 3311 Ἑλένης
361 3218 395 3290 δ’
416 3218 565 3310 ἀδελφῆς
577 3218 685 3291 τοιάδ’
702 3225 954 3312 ἐξειργασμένης

221 3328 298 3413 έξῆν
311 3325 408 3403 κλέος
421 3345 475 3393 σοι
488 3326 573 3411 μέγα
586 3332 720 3413 λαβεῖν·
739 3323 779 3394 τὰ
793 3323 857 3413 γὰρ
871 3323 958 3395 κακδι

219 3425 430 3513 παράδειγμα
443 3440 512 3506 τοῖς
525 3428 699 3496 ἐσθλοῖσιν
714 3433 845 3508 είσοψίν
858 3423 889 3493 τ’
905 3434 982 3514 ἔχει.
1042 3443 1109 3499 m

219 3534 252 3596 εί
265 3524 299 3597 δ’
316 3522 361 3607 ὥς
375 3529 483 3614 λέγεις
495 3526 560 3617 τὴν
573 3524 737 3616 θυγατέρ’
753 3528 1035 3690 ἔκτεινενιχχτήο,
