2517 3934
177 158 295 210 XXVIII
458 157 507 206 DI}
526 154 712 208 EVRIPIDIS
730 153 884 207 tttottttto

241 305 408 384 Elegiacam
431 323 547 386 quoque
576 314 605 367 et
626 304 762 367 melicum
791 306 893 382 poesin
916 304 1074 384 Euripides
1100 305 1175 366 atti·

180 393 236 470 git:
260 391 351 452 eriles
374 391 461 452 huius
483 393 603 468 generis
625 389 767 470 reliquias
788 389 880 450 habes
902 392 932 449 in
955 389 1076 466 Bergltii
1097 389 1173 468 hyr.

180 476 226 537 ed.
249 474 299 535 alt.
322 494 351 553 p.
374 477 434 535 471
459 492 502 554 sq.
542 491 617 552 quae
645 492 715 535 vero
735 474 911 550 EurIpideae
938 474 1077 534 seruntur
1104 476 1176 553 epi·

179 558 280 629 stolae,
304 578 353 620 eas
374 557 412 618 ab
433 561 594 638 impostore
616 559 698 619 lictas
714 576 779 620 esse
802 565 870 636 post
889 557 1017 618 Bentleii
1036 557 1176 636 disputa·

181 646 289 704 tionem
314 644 562 720 (Aloanotonpen
590 643 662 702 other
688 643 738 703 die
759 642 867 716 Briese
893 642 946 701 des
966 643 1112 702 Phalaris
1137 660 1173 720 p.
1251 708 1252 715 p

181 729 358 789 557-574
386 726 431 786 ed.
456 724 610 803 Ribbeck.)
640 744 728 787 nemo
755 743 845 786 sanus
874 725 1002 804 amplius
1034 725 1173 803 negabit:

180 820 279 874 utrum
309 809 426 870 Sahirio
454 809 578 869 Pollioni
588 808 623 886 ⁴⁶)
652 825 690 869 an
719 809 769 869 alii
800 808 977 870 tribuendae
1005 810 1078 880 siut,
1108 827 1175 870 non
1251 808 1252 843 l

181 901 306 956 constat.

245 979 387 1054 Sequitur
409 984 441 1036 ut
463 977 499 1038 de
521 978 642 1055 ingenio
664 985 693 1039 et
714 986 779 1039 arte
801 979 951 1058 Euripidis
971 996 1066 1057 pauca
1088 979 1174 1040 dica·

181 1080 255 1124 mus.
287 1079 362 1142 quae
384 1060 497 1123 lubrica
520 1070 565 1122 est
586 1065 710 1123 materia
731 1066 763 1125 in
786 1063 990 1124 diversissimis
1011 1063 1175 1124 doctorum

182 1155 212 1206 et
227 1144 404 1223 elegantium
420 1145 573 1206 hominum
588 1146 716 1214 iudiciis,
733 1155 822 1225 atque
837 1157 925 1224 auget
940 1149 986 1208 rei
1002 1144 1175 1208 molestiam

182 1231 255 1294 illud
279 1231 358 1311 quod
381 1230 500 1292 brevem
524 1237 554 1291 et
575 1234 723 1291 concisam
746 1231 977 1307 disputationem
998 1231 1175 1291 sectandam

183 1315 255 1376 mihi
277 1314 372 1383 rideo,
396 1332 453 1392 qua
476 1313 550 1375 nihil
571 1316 630 1375 nisi
651 1317 771 1392 lastigie
792 1334 892 1375 rerum
915 1314 1003 1377 liceat
1023 1319 1174 1392 perstrin·
1251 1342 1252 1345 ¹

184 1418 263 1476 gere.
309 1397 401 1457 nihilo
429 1399 528 1458 minus
554 1397 743 1460 subeundum
770 1397 840 1459 duxi
871 1398 1018 1465 laborem,
1048 1417 1110 1460 nou
1139 1408 1176 1460 ut

184 1483 341 1558 imaginem
364 1481 541 1562 Euripidcae
563 1499 688 1560 poeseos
710 1483 921 1561 exprimerem,
949 1483 1001 1542 sed
1023 1489 1057 1542 ut
1076 1483 1174 1544 linea·
1251 1536 1252 1543 ,

184 1574 283 1628 menta
315 1565 459 1645 quaedam
495 1564 715 1627 adumbrarem.
758 1566 940 1627 laudatorem
977 1574 1084 1644 poetae
1120 1576 1176 1629 aut

184 1655 414 1730 vituperatorem
437 1667 526 1727 agere
548 1649 679 1710 alienum
696 1650 851 1713 ridebatur
872 1651 909 1711 ab
932 1651 1020 1710 huius
1039 1651 1175 1730 disputa·

184 1737 275 1797 tionis
304 1734 442 1794 consilio:
471 1735 565 1811 magis
592 1735 719 1794 etiamn
746 1736 899 1813 proposito
921 1734 1123 1805 oberrassem,
1146 1741 1175 1797 si

186 1838 238 1881 eos
260 1820 310 1898 qui
332 1817 505 1879 alterautra
527 1824 610 1897 parte
626 1817 820 1897 deliquissent
841 1821 1014 1898 impugnare
1028 1828 1174 1900 temptas·

186 1922 247 1964 sem
271 1912 300 1963 et
321 1900 468 1963 relellere.

250 1986 408 2066 Nunquam
439 1986 595 2066 Euripides
621 1986 750 2048 civilium
779 2005 878 2048 rerum
901 1987 1040 2048 noctibus
1062 2006 1094 2048 se
1117 1991 1175 2049 im-

186 2074 297 2140 mersit,
321 2071 374 2132 sed
396 2079 528 2131 remotus
549 2090 566 2130 a
587 2073 713 2148 strepitu
742 2071 853 2132 lorensi
874 2075 950 2132 intra
979 2073 1108 2151 parietes
1130 2075 1175 2132 ri·

186 2165 247 2217 tam
269 2156 350 2233 degit
371 2157 432 2215 otio
448 2153 620 2224 dedicatam,
643 2154 847 2233 philosophiae
869 2164 899 2215 et
921 2173 1046 2235 poeseos
1067 2157 1177 2218 studiis

185 2243 339 2301 intentam.
384 2237 462 2318 quod
485 2238 643 2299 umbratile
666 2240 740 2298 vitae
768 2255 862 2315 genus
881 2246 913 2298 ut
934 2258 950 2298 a
973 2243 1087 2301 nostris
1109 2260 1176 2301 mo·

186 2323 270 2384 ribus
287 2331 317 2382 et
330 2321 434 2383 studiis
449 2323 570 2383 minime
586 2321 736 2391 abhorret,
758 2323 798 2382 ita
813 2322 962 2382 veteribus
977 2326 1059 2385 iners
1079 2327 1176 2386 visum

188 2415 234 2468 est
254 2415 285 2468 et
304 2405 492 2483 probrosum.
537 2404 616 2466 nulla
646 2415 743 2467 tamen
765 2425 799 2466 re
821 2406 927 2468 adduci
953 2411 1050 2486 potuit
1074 2418 1175 2488 poete,

188 2499 221 2551 ut
242 2492 399 2551 stationem
420 2497 502 2550 certo
524 2488 647 2550 consilio
675 2489 817 2551 delectam
841 2490 994 2553 desereret
1021 2497 1051 2553 et
1072 2510 1088 2553 a
1110 2495 1175 2554 lllu·

147 2581 151 2590 '
188 2593 287 2637 sarum
310 2575 537 2654 Gratiarumque
559 2576 738 2635 commercio
761 2573 1003 2656 divellereturttt.
1047 2577 1177 2642 laudarit
1212 2572 1218 2586 '

256 2781 302 2844 45)
321 2781 388 2831 Vite
405 2781 483 2832 Arcti
495 2780 539 2835 ed.
552 2781 641 2832 West.
661 2798 687 2846 p.
700 2783 733 2832 55
744 2797 797 2846 sq.·.
818 2776 867 2841 τὰς
886 2773 914 2831 d’
930 2771 1046 2846 Ἄρατον
1064 2775 1176 2836 lutoso

94 2881 95 2886 =
189 2840 241 2908 tols
252 2875 283 2884 -
301 2839 388 2913 μόνος
403 2839 610 2914 Ἀπολλωνίδης
628 2842 787 2908 ὁΝικαεῦς
805 2843 834 2911 (ὁ
847 2841 968 2934 Κνίφεύς
985 2856 1051 2901 aute
1069 2853 1175 2911 Beubl.)

189 2909 220 2968 ἒν
237 2914 276 3002 τῷ
293 2909 322 2993 p:
338 2912 403 2992 maol
415 2914 649 3001 κατεψευσμένης
662 2909 852 2998 [propiore-*oripo
866 2908 1045 2996 ειναιῇαὗτᾲς
1059 2910 1177 3004 Ἀρσίτου

189 2981 1177 3118 ttttsttltitttttt’lottt‘tt‘atttlntttt'tttttitt

189 3117 346 3184 Σαβιρίονι
367 3118 446 3168 cuius
457 3118 517 3168 loco
530 3116 674 3183 Σαβιὸιόν
686 3119 775 3168 suasit
787 3119 941 3180 Bentleius‚
962 3119 1079 3170 Ασινιόν
1092 3122 1177 3186 Berg-

189 3187 262 3244 kius,
281 3183 425 3250 Σαβινίον
442 3185 487 3236 vel
506 3183 648 3250 Γαβινίου
665 3186 711 3236 vel
725 3177 872 3251 Ῥαβιρίοο
889 3189 1125 3237 Westermannus.

256 3249 304 3317 46)
322 3254 404 3303 Herc.
428 3253 459 3302 F.
485 3254 547 3304 ota:
575 3246 610 3302 ον’
635 3245 784 3318 παύσομαι
809 3247 863 3312 τοὶς
888 3247 1016 3316 Χάριτας
1042 3245 1177 3316 Μούσαις

190 3314 431 3386 σννααταμιγνύς,
449 3311 573 3371 ἁδίσταν
591 3318 736 3386 συζυγίαν.
771 3325 803 3370 ut
820 3320 872 3371 hoc
891 3321 951 3372 loco
969 3323 1011 3371 ite
1027 3322 1097 3373 alibi
1114 3337 1177 3374 sae·

189 3390 301 3454 pissime
320 3390 363 3438 sui
385 3389 471 3438 animi
488 3388 654 3438 sententiam
676 3393 760 3452 poeta
784 3390 890 3451 aperit,
913 3390 985 3454 quod
1003 3388 1086 3440 semel
1107 3390 1177 3440 indi·

231 3471 266 3521 ”0
285 3453 419 3518 sufficiet.
454 3457 488 3506 de
506 3457 584 3507 vitae
606 3455 736 3520 publicae
759 3456 890 3535 periculis
908 3462 936 3506 et
957 3457 1008 3506 otii
1027 3457 1177 3507 securitate

189 3543 226 3595 cf·
239 3540 297 3591 Ion.
311 3511 432 3594 5955&
451 3515 481 3574 δ’
502 3519 543 3582 εἰς
560 3514 591 3573 τὸ
610 3521 722 3588 πρῶτον
733 3525 836 3582 notens
848 3516 992 3590 ὁρμηθεὶς
1004 3517 1090 3589 ζυγὸν
1107 3523 1177 3591 ζητῶ
