2517 3934
400 1215 750 1284 ΤΠΟΘΕΣΙΣ.

188 1673 407 1743 Διονυσονοί
411 1676 636 1764 αροσηκοντες
643 1701 706 1742 ουκ
715 1680 845 1761 ἔφασαν
853 1664 1046 1740 ελναιθεον

85 1807 101 1847 ο
86 1771 212 1846 δέ’
170 1791 286 1856 αυτοῖς
298 1783 421 1863 τιμωρί
419 1805 461 1845 αν
476 1772 682 1863 ἐπέστησε
647 1802 709 1861 την
722 1776 928 1864 πρέπουσαν.
944 1773 1048 1858 ἐμμα-

83 1895 155 1958 νεῖς
174 1875 239 1965 γάρ
253 1875 445 1966 έιιοίησε
409 1905 466 1959 τας
487 1885 556 1946 τῶν
570 1884 730 1964 Θηβαίων
743 1891 922 1964 γυναῖκας,
950 1864 999 1941 ὦν
1013 1878 1051 1941 αι’

83 2008 147 2050 τον
132 1980 309 2066 Κάδμον
329 1975 562 2066 δυνατέρες’
544 1977 779 2067 αφημοάμεναι
805 1974 885 2056 τοὺς
904 1974 1072 2053 διάσονςό

85 2088 222 2168 εἰσῆγον
236 2077 577 2170 ἐπλτδνΚιδαιρῶνα.
596 2077 755 2160 Πενθεὺς
765 2074 829 2148 δε
813 2106 831 2147 ο
842 2084 899 2163 τῆς
907 2072 1048 2163 Ἀμαάης

85 2198 164 2263 ιιαῑς
177 2180 383 2272 παραλαβών
401 2181 464 2270 τὴν
477 2189 652 2271 βασιλείαν
672 2180 854 2269 ἐδυσφόρει
869 2193 939 2257 τοῖς
953 2203 1047 2264 μινο-

84 2288 196 2373 μένοις
209 2291 270 2352 καί
280 2312 372 2365 τινας
386 2283 447 2371 μέν
466 2291 535 2352 τοῖν
554 2290 696 2370 Βακχῶν
715 2278 895 2370 συλλαβῶν
917 2285 1047 2366 ἔδησεν,

85 2383 134 2457 ἐπ’
154 2383 259 2455 αὐτὸν
281 2383 369 2454 δὲ
337 2413 397 2454 τον
417 2384 502 2455 θεὸν
522 2381 685 2473 ἀγγέλους
705 2381 909 2454 ἀπέστειλεν.
958 2407 989 2448 οι
976 2371 1048 2448 δὲ

84 2489 219 2568 ἑκόντος
239 2484 345 2556 αὐτοῦ
366 2487 605 2577 κυριεύσαντες
618 2477 703 2574 ἦγον
723 2483 806 2575 τιρδς
825 2484 885 2553 τὸν
899 2483 1046 2568 Πενδεα,
1056 2498 1090 2549 10

83 2587 238 2669 κάκεῖνος
252 2591 428 2667 ἐκέλευσεν
442 2586 619 2712 δήσαντας
619 2585 725 2658 αὐτὸν
740 2592 840 2656 ἔνδον
854 2584 1046 2673 φυλάττειν,

85 2719 128 2760 ου
117 2688 258 2814 ’λέμφν
278 2691 384 2778 μόνον
405 2687 457 2759 ὅτι
480 2688 562 2770 θεὸς
580 2686 644 2758 οὐκ
666 2695 735 2758 ἔστι
748 2687 934 2772 Διόνυσος,
964 2682 1047 2753 άλλά

83 2793 141 2861 καὶ
157 2792 316 2915 πράττειν
327 2790 437 2862 πάντα
451 2820 496 2872 ως
509 2788 577 2860 κατ’
594 2788 782 2878 άνθροίιιον
803 2796 945 2876 τολμων.
977 2815 994 2856 ο
979 2775 1048 2855 δὲ

84 2891 223 2981 σεισμὸν
237 2894 377 2982 ποιήσας
396 2890 647 2982 κατέστρεψε
612 2920 652 2960 τα
667 2888 876 2981 βασίλεια,’
858 2887 996 2978 αμαμοδν
1010 2889 1048 2958 δε

85 3002 132 3076 εἰς
141 3002 343 3082 Κιθαιρῶνα
358 2993 515 3064 ἔπεισε
482 3022 542 3063 τον
554 2998 692 3064 Πενθέα
707 2994 875 3081 κατόπτην
887 2993 1088 3080 μενέσδαι15

84 3105 152 3166 τῶν
162 3105 336 3185 γυναικῶν
345 3093 558 3185 λαμβάνοντα
569 3093 728 3184 γυναικὸς
737 3098 877 3184 ἐσθῆτα·
894 3094 928 3164 αἳ
938 3089 971 3162 δ’
984 3089 1048 3161 αὖ·

85 3197 144 3268 τὸν
164 3201 366 3286 διέστασαν,
397 3206 455 3286 τῆς
473 3195 597 3287 μητρὸς
621 3195 764 3286 Ἀμαύης
790 3193 1046 3288 καταρξαμένης.

85 3299 219 3389 Κάδμος
234 3301 272 3369 δὲ
285 3299 322 3370 τὸ
336 3298 476 3388 μεμονδς
489 3300 753 3387 καταισθόμενος
765 3298 805 3368 τά
819 3298 1048 3367 διασπασθέν-

85 3431 124 3472 τα
144 3405 226 3490 μέλη
247 3399 451 3489 σνναμαμοδν
473 3409 666 3471 τελευταῖον
679 3399 717 3469 τὸ
731 3399 912 3489 πρόσωπον
928 3401 964 3466 έν
977 3412 1048 3476 ταῖς

86 3513 140 3586 τῆς
156 3503 318 3592 τεκούσης
331 3502 508 3592 ἐφώρασεν
520 3510 646 3593 χερσίν.
683 3499 852 3580 Διόνυσος
872 3499 910 3567 δδ
925 3501 1088 3585 ἐκιφα-νο
