2517 3934
498 185 647 244 ΕΛΕΝΗ
1006 182 1064 246 211

170 351 235 424 οῦκ
253 351 382 436 άξιτόσω
398 364 582 422 κατθανεῖν
596 350 738 442 δάμαρτ’
756 354 838 441 ἐγώ
1017 370 1070 425 860

173 456 317 543 μάλιστά
331 452 385 543 γ’·
405 462 437 524 εί
448 455 512 543 γάρ
528 461 613 524 είσιν
627 460 661 523 οἱ
674 457 750 524 θεολ
763 462 877 543 σοφοί,

175 555 328 644 εὔψυχον
342 554 450 646 ἄνδρα
464 564 635 644 πολεμίων
649 553 800 626 θανόνθ’
817 553 885 654 Q
933 512 944 640 δ

172 659 288 749 κου’φη
302 666 588 746 καταμπίσχουσιν
602 661 640 726 ἐν
653 659 771 750 τόμβῳ
784 665 895 746 χθονί,

173 760 300 841 κακοῦς
315 758 349 829 δ’
365 756 421 848 ἐφ’
440 763 524 849 ἕρμα
537 759 676 848 στερεόν
689 760 889 848 ἐκβάλλουσι
903 767 974 849 γῆς.

121 917 129 932 .
175 853 311 949 ῦθεοί,
327 855 479 950 γενέσθω
494 861 537 949 δή
547 859 768 950 ποτέότυχὲς
783 864 880 951 γένος
1016 879 1069 935 865

174 961 212 1033 τὸ
231 963 432 1033 Ταντάλειον
448 965 505 1032 καί
518 963 709 1052 μεταστήτω
724 971 848 1033 κακῶν.

117 1120 125 1134 .
175 1071 212 1135 ολ
222 1063 283 1153 ’γά
298 1065 453 1135 τάλαινα·
469 1073 527 1154 τής
541 1066 641 1154 τύχης
654 1063 718 1155 γάρ
734 1057 794 1135 ὧδ’
813 1073 891 1152 ἔχω·

175 1170 347 1252 Μενέλαε,
369 1164 659 1256 διαπεπράγμεθ’·
678 1171 826 1256 ἐκβαίνει
841 1167 955 1253 δόμων

176 1266 197 1356 ἡ
214 1268 405 1360 θεσπιῳδὸς
420 1268 566 1357 Θεονόη·
582 1284 705 1338 κτυπεί
716 1271 817 1357 δόμος

176 1371 337 1461 κλῄθρων
346 1372 533 1440 λυθέντων.
555 1367 664 1459 φεῦγ’·
680 1368 763 1460 άτάρ
777 1378 813 1440 τί
828 1373 1071 1457 φευκτέονςθθ)

177 1469 312 1543 άτιοῦσα
323 1472 386 1562 γάρ
400 1493 439 1541 σε
453 1474 509 1541 καλ
524 1468 666 1562 παροῦσ’
679 1469 867 1561 άφιγμένον

177 1572 273 1662 δεῦρ’
290 1571 397 1642 οἶδεν·
413 1564 440 1642 ά
455 1573 628 1663 δύστηνος,
645 1570 689 1655 άς
702 1572 892 1664 άπωλόμην.

182 1682 303 1765 Τροίας
318 1675 356 1744 δὲ
370 1679 494 1755 σωθεὶς
508 1672 595 1745 κάπὸ
609 1676 783 1765 βαρβάρου
796 1676 919 1764 χθονός

178 1783 225 1857 είς
241 1773 385 1866 βάρβαρ’
402 1775 514 1846 ἐλθάτω
529 1775 676 1865 φάσγαν’
694 1769 796 1860 αῦθις
810 1782 954 1868 ἐμπεσεί.

61 1887 196 1954 ΘΕΟΝ.
215 1875 301 1967 ήγοῦ
316 1879 359 1947 σά
373 1907 429 1965 μοι
444 1882 595 1967 φέρουσα
609 1881 813 1969 λαμπτήρων
826 1884 933 1968 σέλας,
1018 1893 1070 1950 865

177 1987 278 2050 θείου
293 1980 331 2049 δὲ
343 1979 468 2068 σεμνὸν
481 1978 611 2070 θεσμὸν
625 1984 762 2070 αίθέρος
775 1983 893 2069 μυχόν,

178 2080 222 2161 άς
236 2089 369 2169 πνεῦμα
383 2081 537 2170 καθαρὸν
551 2079 703 2171 οῦρανοῦ
716 2083 906 2171 δεξώμεθα·

178 2181 221 2253 σῦ
237 2181 270 2252 δ’
287 2175 332 2252 αῦ
347 2185 515 2253 κέλευθον
531 2195 565 2254 εί
575 2213 624 2265 τις
639 2192 785 2272 ἔβλαψεν
799 2186 878 2255 ποδὶ

178 2291 322 2372 στείβων
337 2282 478 2377 άνοσίῳ,
494 2283 551 2366 δὸς
565 2293 741 2379 καθαρσίῳ
756 2294 868 2375 φλογί,

177 2393 324 2476 κροῦσον
338 2386 376 2454 δὲ
390 2387 535 2475 πεύκην,
551 2393 606 2456 ἵνα
621 2391 800 2476 διεξέλθω,
820 2389 934 2479 πάρος.
1018 2406 1071 2462 870

178 2488 284 2576 νόμον
297 2489 335 2556 δὲ
348 2486 408 2557 τὸν
421 2488 502 2576 ’ἐμόν
516 2499 649 2558 θεοῖσιν
665 2487 851 2561 άποδοῦσαι
867 2492 968 2561 πάλιν

177 2593 333 2677 ἐφέστιον
347 2587 441 2677 φλόγ’
458 2597 505 2672 είς
519 2591 643 2680 δόμους
657 2600 815 2680 κομίζετε.

173 2688 304 2780 Ἑλένη,
321 2698 358 2760 τί
371 2689 457 2780 τάμά
472 2701 542 2774 πῶς
558 2701 623 2780 ἔχει
640 2701 868 2782 θεσπίσματας

177 2790 251 2881 ήκει
266 2793 362 2874 πόσις
377 2815 429 2863 σοι
441 2797 622 2875 Μενέλεως
637 2792 690 2864 ὅδ’
706 2795 866 2884 ἐμφανής,

178 2903 267 2965 νεῶν
280 2897 456 2984 στερηθείς
470 2905 531 2965 τοῦ
545 2924 581 2965 τε
594 2904 659 2966 σοῦ
672 2898 865 2986 μιμήματος.
1018 2911 1066 2969 δῖε

179 2989 206 3065 ά
219 3004 362 3086 τλῆμον,
378 3001 470 3077 οἵους
485 2997 665 3086 διαφυγάν
679 2990 784 3086 ήλθες
798 3000 934 3085 πόνους,

177 3095 252 3168 οὐδ’
270 3098 372 3168 οἶσθα
392 3097 513 3168 νόστον
527 3097 639 3169 οἴκαδ’
658 3099 718 3170 είτ’
737 3098 843 3171 αὐτοῦ
858 3115 984 3189 μενεῖς·

178 3207 247 3290 ἔρις
261 3199 325 3290 γάρ
340 3203 377 3270 ἐν
393 3210 487 3281 θεοῖς
500 3201 663 3288 σύλλογός
676 3229 712 3272 τε
725 3211 789 3272 σοῦ
804 3206 877 3290 πέρι

178 3308 268 3372 ἔσται
283 3302 451 3392 πάρεδρος
463 3307 547 3390 Ζηνὶ
559 3301 640 3396 τῷδ’
658 3308 695 3374 ἐν
712 3301 821 3393 ήματι.

169 3399 255 3493 Ἥρα
269 3405 331 3492 μὲν
344 3401 366 3492 ή
380 3425 433 3472 σοι
448 3405 615 3493 δυσμενής
631 3407 798 3495 πάροιθεν
811 3396 865 3494 ἦν,
1018 3421 1070 3474 880

176 3513 243 3575 νῦν
256 3509 347 3575 ἐστιν
362 3503 482 3585 εῦνους
496 3514 565 3589 κείς
578 3510 708 3595 πάτραν
728 3514 831 3575 σῶσαι
846 3503 941 3574 θέλει

848 3602 911 3664 14*
