2517 3934
158 163 223 230 214
318 219 324 232 .
583 163 737 224 ΕΑΕΝΗ

160 345 231 408 XO.
274 335 409 425 οἰκτρὸν
424 337 487 424 μὲν
501 340 537 404 οἱ
548 332 710 422 παρόντες
725 336 761 403 ἐν
775 336 866 425 μέσφ
879 333 985 424 λόγοι,

275 441 392 527 οἰκτρά
407 438 445 506 δὲ
458 439 515 506 καὶ
529 436 582 506 σύ.
603 434 682 517 τούς
697 436 735 506 δὲ
748 439 911 507 Μενέλεω
925 445 1024 507 ποθῶ
1128 455 1182 510 94⁶

276 541 397 629 λόγους
410 537 553 609 άκοῦσαι
566 546 660 619 τίνας
673 542 744 627 ἐρεῖ
755 546 864 626 ψυχῆς
879 541 965 627 πέρι.

162 652 238 716 ΜΕ.
272 641 337 732 ίγοδ
351 642 414 711 σόν
428 638 502 711 οὐτ’
518 636 561 709 άν
575 656 778 729 προσπεσεῖν
791 647 911 730 τλαίην
924 641 1010 729 γόνυ

278 741 352 815 οὔτ’
370 739 413 813 άν
429 749 596 832 δακρῦσαι
610 744 779 832 βλέφαρα·
796 741 860 830 τήν
878 751 1004 832 Τροίαν
1017 741 1085 835 γάρ
1102 740 1152 814 ἂν

276 848 381 918 δειλοὶ
395 846 571 933 γενόμενοι
585 852 743 915 πλεῖστον
755 844 972 934 αἰσχύνοιμεν
985 843 1038 915 ἄν.

277 955 384 1019 καίτοι
399 949 556 1036 λέγουσιν
570 942 614 1026 άς
627 945 711 1036 πρὸς
725 945 848 1036 άνδρδς
866 944 1028 1035 εὐγενοῦς
1127 965 1184 1020 9⁵0

264 1030 316 1156 ήέν
329 1053 532 1139 ξυμφοραῖσι
548 1047 669 1138 δάκρυ’
686 1046 745 1119 ὐπ’
762 1045 952 1137 ὀφθαλμῶν
966 1057 1099 1138 βαλεῖν.

277 1150 350 1222 ἀλλ’
371 1149 447 1238 οὐχί
462 1159 559 1221 τοῦτο
572 1149 609 1220 τὸ
625 1151 747 1239 καλόν,
764 1159 795 1221 εί
812 1150 918 1221 καλόν
930 1151 1019 1239 τόδε,

278 1254 455 1344 αἱρήσομαι
468 1251 529 1342 ’γά
545 1253 675 1342 πρόσθε
688 1260 747 1341 τής
761 1250 933 1341 εὐψυχίας.

279 1353 353 1426 ἀλλ’
372 1363 403 1424 εί
414 1356 476 1444 μὲν
491 1353 600 1445 ἄνδρα
613 1377 666 1425 σοι
681 1362 777 1425 δοκεῖ
788 1363 894 1425 σῶσαι
908 1358 1004 1438 ξένον

278 1458 440 1548 ζητοῦντά
453 1455 488 1546 μ’
506 1455 619 1547 ὀρθῶς
637 1455 821 1547 ἀπολαβεῖν
835 1455 976 1547 δάμαρτ’
993 1457 1091 1547 ἐμήν,
1126 1475 1180 1532 955

278 1558 404 1640 άπόδος
417 1587 453 1628 τε
467 1563 524 1629 καλ
538 1559 622 1646 πρός
635 1567 763 1629 σῶσον·
779 1567 812 1629 εἰ
823 1560 861 1630 δὲ
875 1559 919 1648 μή
935 1566 1040 1648 δοκεῖ,

279 1660 343 1751 ἐγιδ
360 1663 422 1750 μὲν
436 1659 477 1732 οὐ
491 1669 558 1731 νῦν
573 1670 724 1751 πρῶτον,
739 1660 823 1731 άλλά
839 1662 996 1743 πολλάκις

280 1763 398 1844 άθλιος
412 1759 455 1833 άν
470 1774 559 1852 είην,
577 1764 620 1834 σύ
635 1765 673 1833 δὲ
687 1763 775 1854 γυνή
790 1762 876 1852 κακή
892 1780 1004 1852 φανεῖ.

278 1864 300 1938 ά
314 1864 345 1937 δ’
366 1863 432 1948 άξί
452 1863 617 1955 ἡμῶνκαὶ
633 1863 740 1936 δίκαι’
757 1863 932 1956 ἡγούμεθα

278 1972 335 2039 καὶ
349 1975 408 2056 σῆς
421 1968 563 2056 μάλιστα
576 1974 716 2059 καρδίας
730 1966 929 2060 ἀνθάψεται,
1125 1985 1181 2042 960

279 2074 361 2155 λέξοι
379 2068 453 2140 τάδ’
470 2068 557 2159 ἀμφὶ
570 2077 683 2160 μνῆμα
696 2079 759 2141 σοῦ
774 2069 897 2156 πατρὸς
912 2071 1042 2143 πεσάν·

281 2166 308 2244 ά
322 2177 438 2262 γέρον,
454 2168 491 2253 δς
505 2181 606 2254 οἰκεῖς
620 2174 719 2243 τόνδε
735 2173 851 2242 λάινον
865 2173 984 2260 τάφον,

280 2275 421 2363 άπόδος,
436 2272 565 2345 άπαιτά
579 2275 642 2364 τήν
655 2275 739 2364 ἐμήν
753 2275 904 2366 δάμαρτά
918 2298 966 2362 σε,

280 2375 324 2468 ἣν
337 2375 422 2458 Ζεύς
437 2383 563 2467 ἔπεμψε
581 2379 685 2468 δεῦρό
702 2401 754 2448 σοι
768 2378 885 2462 στάζειν
898 2380 979 2465 ἐμοί.

280 2481 334 2551 οἶδ
338 2478 346 2505 ’
366 2477 480 2567 οὕνεχ’
497 2478 578 2570 ἡμῖν
593 2477 711 2552 οὔποτ’
729 2476 887 2569 ὀφλήσεις
902 2479 1037 2549 θανών·
1122 2495 1180 2553 9δό

281 2580 355 2655 ἀλλ’
372 2579 415 2670 ήδ
419 2610 434 2650 ε
448 2587 574 2674 πατέρα
586 2589 712 2673 νέρθεν
727 2580 1002 2671 ἀνακαλούμενον

280 2684 343 2758 οὐκ
359 2682 491 2768 άξιιόσει
506 2687 566 2757 τδν
579 2689 661 2776 πρὶν
676 2682 911 2756 εὐκλεέστατον

280 2797 390 2869 κακῶς
404 2787 561 2861 ἀκοῦσαι·
578 2797 681 2876 κυρία
694 2790 758 2878 γάρ
774 2791 842 2857 ἐστι
856 2794 933 2857 νῦν.

283 2884 310 2963 ά
323 2889 453 2979 νέρτερ’
466 2889 579 2983 Ἅιδη,
594 2895 652 2963 καὶ
666 2893 702 2962 σὲ
716 2890 889 2980 σύμμαχον
901 2894 1004 2974 καλῶ,

281 2992 318 3077 ὃς
332 2991 428 3065 πόλλ’
445 2997 544 3077 ἐδέξω
562 2992 658 3084 τῆσδ’
675 2998 766 3064 ἕκατι
782 2993 915 3080 σοι’ματα
1120 3003 1174 3061 9‘10

259 3127 266 3171 ι
281 3096 427 3169 πεσόντα
441 3094 540 3191 τολμῷ
555 3098 735 3189 φασγάνῳ,
749 3093 876 3184 μισθὸν
889 3087 921 3162 δ’
939 3098 1039 3178 ἔχεις·

281 3204 303 3294 ἢ
317 3211 384 3272 νῦν
399 3204 550 3282 ἐκείνους
565 3197 690 3280 άπάῶς
704 3197 873 3288 ἐμψύχους
887 3192 998 3280 πάλιν,

281 3301 303 3395 ἢ
317 3299 411 3394 τήνδ’
428 3302 620 3392 άνάγκασόν
635 3331 673 3390 γε
686 3300 730 3389 μή
746 3297 908 3387 εὐσεβοῦς
921 3294 1046 3384 πατρὸς

283 3404 375 3494 ήσσοι
390 3421 555 3493 φανεῖσαν
569 3402 645 3492 τᾶμ’
663 3401 850 3471 άπολλύναι
864 3401 951 3486 λέχη.

283 3513 315 3574 εί
326 3502 358 3572 δ’
379 3506 435 3592 ἐμὲ
448 3522 593 3594 γυναῖκα
606 3504 668 3592 τήν
681 3502 764 3590 ἐμήν
777 3503 949 3588 συλήσετε,
1119 3508 1174 3570 915
