2517 3934
374 162 424 215 DE
443 163 627 218 EVRIPIDIS
645 163 799 216 melculo
979 165 1079 216 XXXV

92 337 125 380 ea
149 318 268 378 vixisset
290 321 385 377 aetate
401 333 458 393 qua
474 317 598 395 pristina
612 314 785 395 simplicitas
800 324 830 376 et
844 318 964 397 antiqua
986 318 1080 396 pietas

90 405 185 480 magis
208 403 240 461 in
262 400 325 461 dies
346 399 520 460 labefactata
544 408 574 461 et
594 417 689 480 paene
712 409 798 462 exuta
818 409 904 469 esset,
927 420 984 480 qua
1007 401 1080 461 nihil

90 505 151 550 non
183 487 215 546 in
245 484 368 545 dubium
395 491 565 554 vocaretur,
599 502 655 564 qua
685 483 813 564 denique
841 486 938 546 omnis
970 488 1080 549 iustitia

91 569 207 633 sublata
230 569 391 634 rideretur.
434 586 574 629 revocare
602 570 728 648 pristina
751 577 885 650 tempora
907 587 963 629 nec
987 573 1083 649 potuit

92 662 180 733 poeta
202 672 256 715 nec
279 653 441 733 temptavit,
465 652 517 712 sed
533 671 567 713 eo
590 653 733 723 incubuit,
756 661 789 714 ut
803 655 965 734 sapientiae
981 673 1081 715 amore

92 740 199 800 civium
221 739 336 798 animos
358 735 514 797 imbueret.
552 738 593 796 ita
615 737 678 816 ipse
698 738 826 818 quodam
849 736 938 798 modo
960 746 1082 798 novator

92 825 197 893 extitit,
220 822 348 898 ideoque
371 819 407 882 ab
423 819 618 900 Aristophane
634 821 731 883 tenaci
753 824 943 902 antiquorum
965 841 1083 885 morum

91 908 251 970 defensore
266 907 413 967 acerrime
434 907 624 984 impugnatus
641 913 693 973 est,
713 908 801 984 ,quasi
822 924 942 986 pravam
956 908 1083 968 maxime

90 991 228 1053 laudaret
249 998 280 1051 et
307 991 421 1050 loveret
448 1008 522 1070 quaa
545 990 740 1050 Athenienses
767 993 929 1052 incesserat
956 991 1085 1053 novandi

90 1075 260 1137 libidinem.
290 1091 393 1135 verum
416 1076 495 1134 enim
518 1074 673 1154 veroquid
696 1073 806 1134 desua
830 1081 925 1135 aetate
946 1076 1085 1136 iudicarit

91 1159 265 1239 Euripides,
296 1159 448 1237 exipsius
470 1158 629 1234 tragoediis
652 1158 723 1218 satis
745 1165 790 1217 est
816 1161 1017 1238 perspicuum.
1053 1162 1084 1220 in

91 1245 179 1324 poesi
202 1252 232 1312 et
253 1241 442 1322 philosophia
464 1242 630 1303 remedium
646 1243 791 1320 quaesivit
812 1243 903 1302 animi
925 1245 1085 1304 aestuantis

92 1335 122 1388 et
155 1344 343 1388 communem
370 1343 473 1388 rerum
501 1327 631 1388 civilium
661 1325 917 1404 perturbationem
946 1326 1084 1393 dolentis.

91 1431 126 1473 ac
160 1411 290 1472 libenter
323 1410 423 1470 flumas
455 1408 521 1470 illas
548 1417 578 1470 et
606 1410 678 1470 lixas
706 1409 802 1488 leges,
830 1408 938 1491 quibus
966 1401 1085 1491 ἀγήρως

90 1494 213 1574 φύσεος
240 1492 350 1572 κόσμος
384 1503 521 1571 regatur,
555 1503 695 1571 tanquam
723 1494 858 1573 exempla
891 1493 1006 1555 homini
1039 1511 1085 1554 se·

90 1579 212 1661 quenda
246 1575 520 1655 commemoratffih
560 1577 638 1639 idem
672 1594 743 1640 vero
776 1597 879 1640 rernm
912 1577 1086 1639 observator

91 1666 152 1725 luit
174 1663 419 1740 diligentissimus
441 1668 471 1721 et
493 1660 649 1742 multiplici
670 1661 759 1722 morlo
776 1663 850 1722 vitae
872 1670 934 1723 tam
950 1662 1086 1741 publicae

91 1766 184 1828 quam
207 1749 342 1827 privatae
364 1747 395 1807 in
417 1746 577 1822 tragoediis
599 1748 744 1806 rationem
767 1744 879 1808 habuit.
916 1747 1031 1825 probat,
1054 1754 1087 1807 ut

12 1883 13 1886 ,
92 1839 250 1912 parerat,
278 1830 424 1910 populare
445 1832 619 1910 imperium,
648 1829 701 1890 sed
725 1830 888 1891 detestatur
915 1830 1086 1890 effrenatam

93 1916 193 1995 plebis
215 1914 365 1976 licentiam
387 1913 476 1974 nullis
497 1914 607 1975 linibus
630 1915 787 1975 coercitam
797 1911 845 1988 Ι50).
890 1932 950 1975 non
973 1915 1087 1975 divitias

93 2008 147 2062 aut
175 2000 294 2077 generis
320 1997 504 2060 nobilitatem
526 1997 640 2066 laudat,
671 1998 864 2059 solimorum
890 1997 1086 2074 probitatem:

93 2084 206 2145 nothos
229 2088 257 2143 et
284 2101 385 2144 servos
407 2085 557 2143 immerito
579 2081 741 2144 arbitratur
763 2084 945 2161 contemptui
972 2082 1086 2151 haberi,

93 2166 207 2250 quibus
234 2184 342 2227 nomen
365 2168 404 2227 sit
425 2166 619 2244 probrosum,
649 2184 717 2228 curn
740 2183 829 2245 saepe
857 2184 914 2226 usu
936 2168 1033 2227 veniat
1056 2174 1088 2226 ut

94 2250 181 2314 nothi
204 2250 341 2329 legitimis
363 2249 432 2310 liliis
454 2268 488 2310 ac
509 2248 611 2310 liberis
633 2249 803 2311 hominihus
825 2251 903 2310 servi
926 2252 1036 2312 virtute
1058 2259 1089 2311 et

94 2337 236 2416 generosi
269 2337 360 2395 animi
391 2332 490 2394 indole
522 2335 691 2411 superiores
723 2329 836 2413 sint⁰⁷).
882 2337 1013 2412 grsriter
1043 2335 1088 2394 in·

97 2451 304 2463 .-......---

127 2581 135 2599 Ι
164 2518 210 2582 bb)
230 2517 327 2596 Οῌικ
345 2520 408 2570 902:
432 2507 529 2595 ὄλβιος
547 2505 626 2598 ὅστις
645 2517 697 2585 τῆς
721 2515 847 2598 [μορίοις
866 2515 929 2601 lopo
946 2511 1089 2598 pdllpopv,

92 2601 169 2669 W?
185 2585 310 2664 paleroso
329 2576 376 2636 ἐπὶ
394 2598 564 2664 πημοσοοηο
582 2578 650 2651 μοι’
661 2581 707 2664 ple
719 2584 840 2663 αδζκοος
852 2584 971 2650 arpagine
983 2602 1088 2651 ορμον,

94 2654 151 2704 orii
179 2653 335 2704 αθσνατοσ
353 2650 489 2716 καθορων
508 2665 621 2718 ponens
634 2666 741 2716 κοσμον
754 2667 877 2768 upuppae.
907 2651 1011 2703 Phoen.
1024 2654 1087 2702 6462

28 2737 30 2794 ’ς
94 2710 160 2772 εἷθ’
181 2709 264 2784 ἥλιος
281 2711 336 2784 μὲν
353 2712 407 2784 νύξ
419 2735 450 2770 σο
469 2715 603 2798 δουλεύει
621 2718 744 2800 βροτοῖο,
763 2711 798 2768 σὺ
855 2709 1019 2796 οὖκρῖοὲξεσ
1031 2711 1088 2771 acti.

93 2784 409 2933 „mitesceret
429 2801 516 2906 att
530 2777 777 2934 bechet?
795 2779 1089 2972 tirtcrtptu

32 2965 34 2980 “
92 2935 243 3035 ΜΨ
256 2929 417 3038 “Wm‘l‘
430 2916 1089 3039 wlff?“3311ssss“⁰35⁶itflriss‘r’a'l'h2c'l‘i'02'

93 2985 381 3120 gliggcrrterceetxeffit
395 3003 425 3106 ὅ.
439 3002 571 3118 igme}
589 3056 639 3106 Die
655 3004 807 3118 paginolae
819 3004 1025 3120 Amciaaunpesss
1043 3024 1089 3105 deo,

92 3121 416 3254 „Etu’gfifffiggfm
426 3122 473 3185 sslr
481 3122 634 3174 osterreich.
645 3123 796 3188 (ι’ῃοοσσίεο
805 3139 830 3175 ο.
843 3124 907 3174 1862
917 3139 943 3187 p.
954 3124 1088 3173 soi-3⁷9

92 3311 129 3403 p
149 3256 342 3404 ultrast
361 3258 470 3390 litter
485 3254 987 3405 staretstartiratus
1004 3257 1088 3387 rea

93 3388 183 3453 oiflos
201 3387 332 3456 αβλαβὴς
350 3390 463 3457 βροτοῖς
481 3410 499 3458 η
519 3390 601 3455 eope
618 3393 733 3461 πλοοσφ
752 3389 896 3456 δυσσεβῶς
910 3386 1087 3455 ωγκομέοοο.

93 3458 129 3511 lr.
150 3458 212 3509 952:
241 3452 328 3524 τιμὰν
351 3453 500 3518 πέπασθε,
532 3451 646 3524 πλούτῳ
671 3451 701 3510 δ’
725 3450 829 3523 ἀρετὰν
851 3452 1088 3522 κατεργάσασθαι

94 3514 221 3590 δοκεῖτ’,
243 3518 274 3576 lv
297 3517 416 3585 ἐσθλοῖς
438 3521 471 3577 tt
494 3518 662 3591 καθήσεσθ’
687 3515 815 3591 ἄνολβοι.
850 3524 885 3574 fr.
905 3524 967 3574 34⁶:
992 3518 1035 3579 εἰς
1057 3513 1086 3569 δ’

899 3606 937 3667 cb
