2517 3934
568 180 794 238 ΑΛΚΗΣΤΙΣ

294 357 371 420 ίδοῦ
384 347 445 419 τὸν
458 355 602 439 αἰσχρῶς
614 344 727 436 ζῶνθ’,
743 344 781 429 ὃς
797 345 860 417 οὐκ
876 355 952 436 ἔτλη
966 357 1108 434 θανεῖν,
1142 366 1198 421 955

293 449 361 523 ἀλλ’
380 449 424 542 ἣν
441 460 565 541 ἔγημεν
578 448 736 532 ἀντιδοὺς
756 448 884 542 ἀψυχίᾳ

291 558 464 646 πέφευγεν
471 551 607 642 Ἅιδην·
639 549 693 622 εἶτ’
713 550 799 640 ἀνὴρ
815 552 902 622 εἶναι
917 557 1029 634 δοκεῖς

290 673 409 745 στυγεῖ
421 657 458 726 δὲ
471 655 549 738 τοὺς
562 656 738 741 τεκόντας,
753 652 854 736 αὐτὸς
870 649 911 724 οὖ
932 656 1046 723 θέλων

291 769 424 829 θανεῖν.
452 759 587 828 τοιάνδε
601 754 685 845 πρὸς
699 773 832 827 κακοῖσι
847 755 995 845 κληδόνα

293 865 365 944 ἔξω.
393 869 430 930 τί
439 888 496 949 μοι
509 869 569 949 ζῆν
584 857 668 947 δῆτα
682 859 821 947 κύδιον,
837 867 942 948 φίλοι,
1142 879 1197 934 960

292 969 404 1044 κακῶς
417 962 555 1032 κλύοντι
568 964 625 1031 καὶ
642 968 752 1042 κακῶς
768 962 971 1053 πεπραγότι;

242 1121 249 1135 .
291 1065 356 1155 ἐγὼ
370 1069 426 1136 καὶ
442 1063 498 1135 διά
512 1065 640 1153 μοόσας
1068 1087 1140 1154 στρ.

293 1171 349 1238 ιιοιλ
362 1168 538 1259 μετάρσιος
551 1158 631 1258 ᾖξα,
654 1169 711 1236 καὶ

293 1279 460 1342 πλείστων
474 1267 644 1358 ἁψόμενος
658 1269 771 1356 λόγων

294 1389 452 1462 κρεῖσσον
468 1369 571 1442 οὐδὲν
581 1369 743 1459 Ἀνάγκας

292 1466 415 1567 ηὗρον,
430 1471 514 1545 οὐδέ
525 1502 557 1543 τι
572 1473 750 1562 φάρμαιιου

295 1578 463 1668 Θρῄσσαις
480 1580 517 1646 ἐν
530 1583 682 1664 σανίσιν,
697 1576 755 1656 τὰς

289 1676 429 1769 Ὀρφεία
447 1682 657 1768 κατέγραψεν

293 1788 417 1872 γῆρυς,
434 1778 507 1852 οὐδ’
526 1779 588 1852 ὅσα
602 1787 727 1868 Φοῖβος
737 1776 793 1849 ’A-

294 1884 515 1973 σιιληπιάδαις
529 1891 635 1954 ίδωιιε

269 1983 272 1988 ’
294 1987 454 2078 φάρμακα
469 1986 675 2065 πολυπόνοις

293 2085 479 2177 ἀντιτεμών
493 2097 676 2178 βροτοῖσιν.

292 2190 397 2279 μόνας
411 2189 443 2260 δ’
466 2187 532 2261 οὔτ’
549 2192 604 2261 ἐπὶ
617 2187 754 2279 βωμοὺς

295 2299 387 2362 ἐστιν
402 2291 480 2363 οὔτε
495 2295 615 2383 βρέτας
629 2300 713 2373 θεᾶς

294 2399 427 2484 ἐλθεῖν,
442 2393 484 2465 οὐ
499 2404 655 2485 σφαγίων
668 2395 775 2465 κλύει.

294 2498 339 2585 μή
353 2527 427 2587 μοι,
445 2495 583 2586 πότνια,
598 2505 721 2586 μείζων

295 2607 408 2682 ἔλθοις
421 2596 444 2688 ἢ
462 2600 499 2671 τδ
515 2604 597 2690 πρὶν
611 2605 648 2670 ἐν
663 2606 737 2692 βίῳ.

292 2705 349 2772 καὶ
362 2701 427 2792 γάρ
441 2702 528 2785 Ζεὺς
541 2702 560 2774 ὅ
572 2731 604 2772 τι
622 2702 748 2792 νεύσῃ,

294 2802 359 2874 σόν
374 2807 427 2875 σοὶ
440 2813 540 2875 τοῦτο
553 2812 703 2895 τελευτᾷ.

294 2909 352 2975 καὶ
365 2906 425 2976 τὸν
438 2912 476 2977 ἐν
489 2908 659 2996 Χαλόβοις
673 2905 781 2994 δαμα-

295 3017 360 3091 ζεις
373 3007 417 3078 σὺ
434 3017 493 3101 βίᾳ
506 3015 658 3096 σίδαρον,

294 3107 378 3181 οὐδέ
388 3139 439 3193 τις
452 3110 624 3200 ἀποτόμου

294 3212 439 3301 λήματός
454 3219 545 3285 ἐστιν
563 3214 676 3295 αίδοός.

296 3316 353 3383 καὶ
363 3313 394 3382 σ’
405 3323 442 3385 ἐν
451 3317 628 3402 ἀφύκτοισι
642 3326 749 3404 χερῶν
760 3315 827 3386 εἷλε
835 3315 900 3386 θεὰ
908 3322 1052 3406 δεσμοῖς.
1068 3340 1139 3404 στρ.

500 3435 596 3489 962-
607 3434 869 3490 9723973-983

494 3535 886 3591 984-99422995-1005
