2517 3934
454 169 731 232 ΑΝΔΡΟΜΑΧΗ

79 351 159 415 ΠΗ.
199 335 241 412 ού
256 338 301 430 μὴ
307 345 488 480 γυναικῶν
503 334 617 409 δειλόν
632 343 787 418 εἰσοίσεις
801 335 922 427 λόγονχ

196 546 330 629 ψαύσει.
357 550 452 614 θεῶν
464 539 529 632 γάρ
552 534 645 630 εἴνεχ
648 538 858 612 ’ίππιιιοῦύ
875 540 977 633 ὄχλου

199 655 333 718 πολλῶν
346 643 384 714 θ’
401 641 582 715 ὁπλιτῶν
562 671 708 732 αρχομεν
721 652 838 714 Φθίαν
851 646 950 716 κάτα·
1038 665 1088 721 760

199 747 293 839 ημεῖς
307 745 338 818 δ
356 745 402 818 ἔτ’
420 744 520 837 όρθολ
533 775 598 816 πον
587 743 822 836 ’γέροντες,
799 775 843 827 ως
859 754 978 836 δοκεῖς,

200 849 274 921 ἀλλ’
292 861 339 932 είς
352 878 391 938 γε
406 846 534 918 τοιόνδ’
552 845 650 938 ἄνδρ’
667 845 860 938 ἀποβλέψας
873 851 979 939 μόνον

199 968 360 1043 τροπαῖον
374 949 480 1022 αύτοῦ
494 951 655 1040 στήσομαι
670 954 817 1041 πρέσβυς
830 979 894 1043 περ
908 949 968 1023 ῶν.

199 1062 333 1126 πολλῶν
345 1057 434 1124 νέων
448 1051 512 1145 γάρ
525 1048 590 1123 κάν
604 1055 714 1142 γέρων
730 1051 875 1142 εὔψυχος
888 1046 910 1145 ᾖ

200 1161 382 1247 κρείσσων·
397 1163 433 1224 τί
443 1154 508 1245 γὰρ
522 1161 576 1225 δεῖ
587 1154 702 1226 δειλόν
716 1152 786 1226 ὅντ’
803 1155 1009 1246 εύσαματεῖν
1018 1189 1027 1241 ;
1037 1173 1087 1230 765

146 1311 156 1330 .
200 1253 279 1348 ἢμὴ
295 1267 456 1348 γενοίμαν
473 1255 496 1346 ἢ
514 1256 669 1348 πατέρων
687 1255 828 1345 ἀγαθῶν
964 1281 1034 1348 στρ.

201 1369 275 1452 εἴην
288 1360 505 1448 πολοιιτήτων
520 1387 556 1429 τε
570 1359 685 1446 δόμων
698 1359 843 1445 μέτοχος.

201 1473 234 1533 ελ
243 1492 274 1533 τι
288 1462 353 1553 γάρ
366 1461 485 1550 πάσχοι
498 1490 548 1542 τις
561 1458 748 1550 ἀμήχανον,
764 1456 866 1543 ἀλκᾶς
1037 1478 1087 1534 770

200 1562 242 1635 ού
256 1566 376 1646 σπάνις
391 1563 592 1653 εύγενέταις,

199 1669 478 1757 νηρνσσομίνοισι
493 1663 524 1736 δ’
542 1663 599 1736 ἀπ’
616 1670 750 1736 ε’σθλῶν
764 1664 928 1756 δωμάτων

201 1767 279 1858 τιμὰ
295 1771 351 1838 ιιιιλ
366 1771 470 1850 κλέος·
484 1765 578 1839 οὔτοι

199 1878 342 1954 λείψανα
354 1878 423 1940 τῶν
436 1867 577 1959 ἀγαθῶν

201 1970 338 2063 ἀνδρῶν
352 1970 544 2062 ἀφαιρεῖται
558 1973 694 2062 χρόνος·
710 1971 731 2042 ά
745 1970 777 2044 δ’
794 1970 894 2063 ἀρετά
1036 1989 1086 2044 775

198 2076 255 2146 καί
268 2082 415 2146 θανοῦσι
429 2075 560 2163 λάμπει.

199 2192 358 2267 κρεῖσσον
371 2177 409 2248 δὲ
420 2184 521 2246 νίκαν
538 2177 583 2268 μὴ
600 2176 890 2265 κακόδοξον,ἔχειν
963 2174 1033 2246 ἀντ.

199 2275 221 2368 ἢ
235 2278 299 2362 ξύν
312 2279 435 2372 φθόνῳ
448 2281 612 2368 σφάλλειν
626 2281 768 2370 δυνάμει
782 2310 818 2352 τε
832 2289 941 2355 δίκαν.
1037 2301 1088 2357 780

200 2378 266 2470 ἡδύ
280 2382 343 2470 μὲν
356 2381 421 2472 γάρ
435 2379 556 2452 αύτίιια
570 2390 669 2454 τούτο
683 2391 864 2474 βροτοῖσιν,

200 2487 237 2553 ἐν
252 2484 290 2554 δὲ
304 2484 416 2575 χρόνῳ
429 2487 560 2555 τελέθει

201 2584 303 2674 ξηρὸν
316 2587 374 2655 καλ
388 2583 557 2657 ὀνείδεσιν
571 2593 716 2674 ἔγκειται
730 2588 853 2677 δόμων.

200 2687 326 2757 ταύταν
339 2684 444 2778 ᾔνεσα
461 2685 587 2760 ταύταν
1036 2707 1087 2766 780

200 2792 255 2859 καλ
269 2792 413 2880 φέρομαι
427 2792 556 2879 βιοτάν,

201 2892 306 2980 μηδὲν
320 2897 416 2974 δίνας
429 2896 492 2976 ἔξω
505 2893 625 2983 κράτος
640 2897 678 2964 ἐν
691 2894 854 2984 θαλάμοις

199 2996 255 3062 παὶ
269 2994 365 3064 πόλει
380 2994 560 3067 δύνασθαι.

200 3086 341 3187 ῶγέρον
354 3103 512 3186 Αίαιιίδα,
1033 3117 1085 3175 700

200 3201 429 3287 πείθομαικαὶ
443 3199 509 3270 σύν
523 3209 715 3274 Λαπίθαισί
725 3224 762 3274 σε
776 3199 983 3292 Κενταύροις

380 3316 432 3375 766
444 3345 483 3358 ···
496 3319 546 3378 777
562 3342 606 3372 =
620 3321 787 3380 778·789
