2517 3934
469 169 726 229 nmomoz

137 380 143 391 ¹
208 336 353 425 ὄλωλας,
369 339 530 424 ἐξέφηνας
547 343 594 417 είς
609 333 695 425 φάος
708 337 805 406 κακά.

207 448 258 522 τίς
271 462 310 509 σε
326 441 529 528 παναμέριος
546 436 605 509 ὅδε
618 438 738 528 χρόνος
750 441 861 528 μένεις

208 542 444 612 τελευτάσεταί
453 568 486 608 τι
499 540 619 610 καινὸν
637 540 761 628 δόμοις.
1051 556 1103 611 373

208 642 319 733 άσημα
337 639 368 712 δ’
386 638 498 711 οὐκέτ’
514 644 605 712 ἐστίν
618 638 654 710 οἷ
668 650 788 731 φθίνει
800 642 883 731 τάχα

208 746 397 834 Κύπριδος,
412 735 440 811 ὦ
452 742 591 813 τάλαινα
604 760 666 813 παῖ
678 752 821 833 Κρησίν.

91 856 186 918 ΦΑΙ.
210 846 397 935 Τροιζήνιαι
413 860 587 933 γυναῖκες,
603 844 723 915 αἳτόδ’
742 854 881 934 ἔσχατον

209 956 330 1017 οἰκεῖτε
342 947 450 1037 χώρας
464 954 633 1027 Πελοπίας
646 948 852 1037 προνάπιον,

207 1047 273 1138 ήδη
290 1046 363 1119 ποτ’
380 1046 489 1128 άλλως
501 1046 623 1128 νυκτὸς
638 1052 676 1117 ἐν
689 1056 805 1141 μακρῷ
819 1048 930 1141 χρόνῳ
1051 1063 1101 1118 375

208 1158 347 1239 θνητῶν
360 1147 532 1240 ἐφρόντισ’
546 1141 570 1239 ᾖ
584 1152 787 1238 διέφθαρται
804 1158 886 1238 βίος.

209 1260 270 1322 καί
281 1280 339 1341 μοι
352 1258 514 1321 δοκοῦσιν
527 1249 570 1320 οὐ
583 1250 668 1320 κατά
681 1252 816 1340 γνάμης
830 1251 936 1339 φάσιν

207 1355 371 1445 πράσσειν
383 1354 519 1439 κάκιον,
535 1360 603 1422 ἔστι
618 1351 734 1441 γάρτό
748 1351 783 1441 γ’
801 1345 842 1422 εὖ
855 1369 997 1442 φρονεῖν

207 1465 395 1542 πολλοῖσιν,
410 1453 494 1531 άλλά
506 1451 581 1543 τῇδ’
598 1451 766 1544 άθρητέου
779 1454 872 1524 τόδε·

207 1556 248 1626 τά
262 1554 376 1647 χρήστ’
394 1556 621 1643 ἐπιστάμεσθα
634 1559 691 1625 καὶ
704 1562 944 1645 γιγνώσκομεν,
1050 1569 1101 1624 383

139 1652 171 1776 s}
208 1656 272 1727 οὐκ
286 1663 494 1746 ἐκπονοῦμεν
508 1655 553 1744 δ’,
568 1663 606 1726 οἳ
617 1658 680 1745 μὲν
694 1655 902 1781 &offlam

210 1767 246 1829 οἳ
257 1758 290 1830 δ’
306 1758 434 1848 ἡδονήν
447 1762 631 1847 προθέντες
645 1756 720 1829 άντὶ
733 1788 794 1829 τον
808 1766 914 1828 καλοῦ

205 1859 312 1950 ἄλλην
327 1858 404 1930 τιν’.
420 1862 484 1930 εἰσὶ
498 1856 530 1929 δ’
549 1857 669 1947 ήδουαὶ
682 1863 802 1930 πολλαὶ
816 1868 906 1948 βίον,

206 1972 335 2052 μακραί
345 1990 381 2031 τε
394 1964 506 2049 λέσχαι
520 1964 576 2031 καὶ
589 1963 701 2050 σχολή,
716 1960 861 2050 τερπνὸν
873 1960 989 2049 κακόν,

208 2065 311 2145 αίδοός
326 2092 373 2134 τε.
389 2065 500 2133 δισσαὶ
515 2060 547 2131 δ’
564 2069 667 2151 εἰσίν,
682 2061 704 2152 ἢ
717 2064 780 2152 μὲν
793 2060 835 2132 οό
849 2063 945 2150 κακή,
1050 2077 1101 2132 385

206 2168 231 2254 ή
242 2164 275 2235 δ’
295 2164 400 2253 άχθος
413 2175 527 2234 οἴκων.
547 2172 578 2233 εί
590 2162 622 2234 δ’
640 2162 788 2254 ὁκαιρδς
806 2156 849 2252 ήυ
862 2164 982 2253 σαφής,

209 2265 273 2337 οὐκ
287 2264 330 2337 άν
344 2264 401 2336 δύ’
416 2263 522 2355 ήστην
533 2263 629 2335 ταῦτ’
646 2274 758 2355 ἔχοντε
772 2267 957 2356 γράμματα.

209 2366 305 2438 ταῦτ’
325 2359 389 2437 σόν
403 2366 519 2455 ἐπειδή
531 2369 686 2456 τυγχάνω
702 2366 867 2458 φρονοῦσ’
884 2368 960 2456 ἐγοό,

207 2467 270 2540 οὐκ
284 2466 360 2540 ἔσθ’
376 2466 482 2562 όποίφ
498 2470 663 2563 φαρμάκῳ
677 2476 880 2559 διαφθερεῖν

208 2579 363 2660 ἔμελλον,
378 2568 462 2640 ὥστε
474 2567 662 2657 τοῦμπαλιν
678 2588 795 2642 πεσεῖν
809 2576 955 2660 φρενῶν.
1051 2582 1103 2637 390

208 2676 291 2756 λέξω
305 2674 343 2743 δὲ
356 2674 413 2741 καὶ
425 2675 479 2742 σοὶ
492 2678 551 2760 τῆς
564 2676 643 2760 ἐμῆς
656 2673 790 2761 γνάμης
804 2670 901 2742 ὁδόν·

210 2778 286 2843 ἐπεί
298 2771 333 2863 μ’
350 2782 434 2864 ἔρως
447 2780 608 2861 ἔτρωσεν,
623 2774 791 2843 ἐσκόπουν
805 2770 895 2852 ὅπως

209 2872 357 2945 κάλλιστ’
378 2870 546 2962 ἐνέγκαιμ’
562 2871 676 2943 αὐτόν.
693 2871 844 2965 ἠρξάμην
856 2874 919 2963 μὲν
933 2864 997 2943 οὖν

209 2980 246 3045 ἐκ
260 2982 377 3066 τοῦδε,
395 2986 495 3066 σιγᾶν
511 2979 613 3066 τήνδε
629 2980 687 3047 καὶ
704 2980 867 3067 κρύπτειν
884 2979 997 3050 νόσον.

208 3079 342 3166 γλωσση
355 3075 419 3166 γάρ
433 3073 536 3145 οὐδὲν
550 3072 687 3163 πιστόν,
701 3072 723 3165 ἢ
737 3088 865 3166 θυραϊα
878 3076 940 3165 μὲν
1052 3088 1105 3144 393

211 3175 397 3267 φρονήματ’
414 3175 550 3264 άνδρωυ
563 3188 743 3247 νουθετεῖν
758 3182 938 3265 ἐπίσταται,

163 3302 187 3383 χ]
209 3278 294 3368 αὐτή
312 3277 345 3350 δ’
362 3276 544 3387 ὑφζαῦτής
557 3288 694 3349 πλείστα
708 3282 861 3368 κέκτηται
874 3278 970 3350 κακά.

209 3381 247 3453 τὸ
262 3380 423 3472 δεότερον
436 3381 474 3451 δὲ
486 3379 548 3468 τήν
561 3377 682 3451 άυοιαν
695 3373 736 3452 εὖ
749 3384 867 3472 φέρειν

208 3491 255 3577 τῷ
268 3499 459 3576 σωφρονεῖν
473 3489 599 3552 νικῶσα
614 3484 887 3575 προυνοησάμην,,
