2517 3934
555 196 836 256 ANAPOMAXH

298 364 385 456 αύτῆ
400 367 439 436 δὲ
453 365 559 453 δούλη
573 371 659 444 ναῦς
674 363 726 435 ἐπ’
739 362 902 455 Ἀργείων
916 375 1000 456 ἔβην

298 470 403 559 κόμης
417 463 672 539 ἐπισπασθεῖσ’·
689 471 762 537 ἐπεὶ
777 465 811 537 δ’
828 465 1001 559 ἀφικόμην

296 581 430 660 Φθίαν,
445 566 775 660 φονεῦσινἝκτορος
788 573 1016 661 νυμφεύομαι.

296 685 333 747 τί
343 672 411 764 δῆτ’
429 676 503 763 ἐμοί
518 681 577 761 ζῆν
590 669 676 761 ἡδύς
692 671 776 764 πρὸς
790 681 826 743 τί
835 673 898 762 χρὴ
913 677 1072 764 βλέπειν;

297 777 381 867 πρὸς
395 776 454 858 τάς
468 778 642 863 παρούσας
655 771 677 865 ῆ
691 777 928 865 παρελθούσας
943 777 1065 864 τύχας;
1147 793 1209 847 405

298 877 345 961 εἷς
359 895 437 960 παῖς
451 875 504 947 ὅδ’
521 870 565 967 ῆν
580 906 638 967 μοι
652 877 769 959 λοιπός
782 876 961 969 ὀφθαλμὸς
978 887 1075 967 βίον·

296 990 418 1052 τοῦτον
431 997 567 1051 κτανεῖν
580 982 763 1069 μέλλουσιν
779 978 829 1062 οἷς
844 988 941 1052 δοκεῖ
951 982 1042 1052 τάδε.

296 1082 339 1156 ού
354 1090 438 1172 δῆτα
451 1080 581 1172 τούμοῦ
596 1079 631 1170 γ’
652 1081 750 1155 εἵνεκ’
768 1082 893 1154 ἀθλίου
907 1093 1005 1173 βίον·

298 1192 335 1258 ἐν
349 1193 436 1280 τῷδε
449 1187 512 1275 μὲν
526 1183 591 1282 γὰρ
609 1189 720 1274 ἐλπίς,
737 1193 769 1256 εί
780 1187 988 1275 σωθῆσεται·

298 1294 370 1380 ἐμοί
385 1287 419 1360 δ’
435 1287 568 1369 ὄνειδος
581 1287 627 1377 μῆ
641 1298 765 1358 θανεῖν
778 1285 864 1379 ὑπὲρ
880 1293 1011 1360 τέκνου.
1148 1306 1206 1360 410

299 1391 376 1464 ίδού
390 1399 563 1483 προλείπω
577 1388 695 1480 βωμόν
709 1388 771 1481 ῆδε
784 1400 893 1483 χειρία

297 1493 438 1584 σφάζειν
451 1495 633 1584 φονεύειν,
649 1500 740 1581 δεῖν,
755 1491 945 1584 ἀναρτῆσαι
960 1497 1075 1585 δέρην.

297 1589 326 1668 ω’
339 1601 476 1685 τέκνον,
490 1594 511 1685 ῆ
524 1596 670 1667 τεκούσά
683 1594 729 1685 σ’,
748 1594 792 1678 ὥς
805 1597 850 1668 σὺ
864 1597 909 1687 μῆ
924 1598 1045 1688 θάνης,

295 1709 414 1788 στείχω
431 1699 517 1790 πρὸς
527 1697 665 1788 Ἅιδην·
681 1694 724 1787 ῆν
740 1697 772 1769 δ’
788 1698 1007 1791 δπεκδροίμης
1025 1700 1147 1791 μόρον,

295 1807 444 1891 μέμνησο
458 1801 598 1892 μητρός,
613 1797 668 1871 οἷα
682 1799 775 1871 τλᾶσ’
792 1799 987 1892 ἀπωλόμην,
1147 1819 1201 1874 415

296 1908 354 1975 καί
367 1907 468 1993 πατρί
482 1910 529 1996 τῷ
544 1912 593 1997 σῷ
607 1903 665 1974 διδι
680 1905 879 1993 φιλημάτων
893 1904 956 1976 ίων

296 2007 430 2098 δύκρυύ
442 2035 478 2076 τε
492 2015 618 2095 λείβων
632 2009 688 2076 καί
703 2008 942 2097 περιπτύσσων
956 2011 1055 2097 χέρας

296 2107 362 2200 λέγ’
378 2105 424 2179 οἷ’
441 2113 577 2198 ἔπραξα.
605 2117 687 2179 πᾶσι
701 2106 734 2179 δ’
752 2107 948 2201 ἀνθρώποις
963 2107 1012 2198 ἀρ’
1030 2103 1074 2199 ῆν

295 2210 386 2300 ψυχῆ
401 2209 505 2281 τέκν’·
521 2209 612 2292 ὅστις
626 2209 659 2281 δ’
677 2209 747 2281 αὕτ’
766 2211 903 2303 ἀπειρος
918 2209 967 2283 οδν
982 2217 1090 2302 ψέγει,

294 2307 400 2404 ῆσσον
412 2315 475 2402 μὲν
489 2311 601 2404 ἀλγεῖ,
617 2321 796 2402 δυστυχῶν
815 2314 847 2386 δ’
866 2314 1072 2404 εὐδαιμονεῖ.
1142 2332 1197 2386 420

244 2477 251 2491 .
295 2415 424 2511 ςόκτειβ
445 2414 626 2487 ἀκούσασ’·
650 2417 768 2506 οίκτρά
780 2417 845 2507 γὰρ
859 2419 900 2488 τά
914 2425 1064 2506 δυστυχῆ

295 2529 428 2609 βροτοῖς
442 2517 563 2608 ἅπασι,
579 2516 644 2590 κάν
658 2531 802 2609 θυραῖος
816 2516 865 2590 οδν
881 2528 981 2611 κυρῆ.

296 2631 343 2705 είς
357 2624 523 2712 ξύμβασιν
537 2625 575 2693 δὲ
589 2629 675 2711 χρῆν
691 2647 729 2691 σε
744 2629 848 2692 παῖδα
862 2623 926 2712 σῆν
940 2622 1049 2712 ἀγειν,

296 2731 471 2813 Μενέλαε,
485 2728 542 2795 καὶ
556 2723 666 2813 τήνδ’,
682 2721 726 2806 ὡς
741 2722 941 2817 ἀπαλλαχθῇ
955 2726 1082 2796 πόνων.

180 2874 193 2902 ι
251 2883 259 2898 .
296 2830 446 2917 λάβεσθέ
457 2857 512 2916 μοι
526 2826 636 2916 τῆσδ’,
652 2825 894 2917 ἀμφελιξαντες
907 2832 1017 2918 χέρας,
1144 2849 1197 2902 42⁵

296 2937 420 3019 δμῶες·
435 2931 558 3019 λόγους
572 2930 637 3020 γάρ
655 2929 696 3000 ού
711 2939 833 3019 φίλους
848 2930 1039 3002 ἀκούσεται.

295 3036 409 3126 ἔγωγ’,
439 3031 479 3102 ἵν’
499 3030 605 3121 ἁγνόν
620 3033 739 3123 βωμόν
753 3038 902 3115 ἐκλίποις
916 3043 1011 3122 θεᾶς,

295 3136 479 3225 προύτεινα
493 3133 612 3216 παιδός
624 3138 795 3225 θάνατον,
810 3129 838 3231 ᾦ
851 3135 883 3207 σ’
901 3135 1079 3226 ύπῆγαγον

296 3246 343 3318 είς
357 3254 468 3328 χεῖρας
482 3242 599 3308 ἐλθεῖν
614 3238 673 3319 τὰς
687 3239 767 3328 ε’μάς
780 3243 835 3310 ἐπί
848 3240 995 3329 σφαγήν.

294 3344 351 3411 καί
365 3340 471 3429 τάμφί
485 3349 548 3409 σοῦ
561 3341 624 3428 μὲν
638 3333 699 3410 οἷδ’
717 3339 818 3429 ἔχοντ’
835 3346 1008 3413 ἐπίστασο·
1138 3359 1193 3414 430

294 3441 335 3512 τά
349 3440 382 3512 δ’
399 3440 486 3533 ἀμφὶ
500 3441 619 3522 παιδὸς
633 3443 734 3513 τοῦδε
749 3461 826 3524 παῖς
841 3444 903 3534 ἐμῆ
917 3461 1037 3536 κρινεῖ,

295 3541 339 3630 ῆν
353 3571 388 3613 τε
404 3560 540 3613 κτανεῖν
553 3572 611 3613 νιν
623 3541 667 3630 ῆν
682 3572 718 3612 τε
732 3545 778 3633 μῆ
792 3563 931 3616 κτανεῖν
952 3546 1047 3629 θέλη.
