2517 3934
508 197 658 258 mnu

186 361 431 447 άνθοκρόκοισι
448 369 578 458 πήναις,

188 459 211 553 ἦ
228 464 381 536 Τιτάνων
397 467 518 555 γενεάν

186 565 249 635 τάν
262 566 349 648 Ζεύς
362 565 548 662 άμφιπύρρι

186 676 326 756 κοιμιῗει
339 678 482 764 φλογμῷ
495 677 665 759 Κρονίδας
673 704 683 756 ;

187 768 273 858 ῶμοι
288 774 412 842 τεκέων
426 777 526 860 ἐμῶν,
936 772 1008 848 άντ.
1025 794 1078 852 47⁵

186 869 271 960 ῶμοι
285 877 441 964 πατέρων
453 874 577 962 χθονός
590 873 643 956 θ’,

186 971 208 1043 ά
221 983 338 1068 καπνῷ
352 984 581 1065 κατερείπεται

186 1080 360 1166 τυφομίνα
373 1082 568 1168 δορίκτητος

184 1179 356 1266 Ἀργείων·
374 1178 438 1264 ἐγῶ
455 1176 485 1244 δ’
504 1180 541 1245 ἐν
560 1183 627 1258 ξεί-

186 1303 230 1365 να
245 1282 345 1362 χθονὶ
363 1281 405 1364 δὴ
422 1284 582 1364 κέκλημαι

185 1382 307 1470 δούλα,
321 1381 457 1454 λιποῦσ’
471 1380 585 1454 Ἀσίαν

184 1481 352 1571 Εὐρώπας
364 1485 551 1574 θεράπναν,

185 1581 447 1668 άλλάξασ”Ἇιδα
461 1589 645 1677 θαλάμους.

67 1693 139 1754 TA.
181 1695 248 1756 ποῦ
261 1687 324 1776 τὴν
336 1685 486 1760 άνασσοιν
501 1690 543 1778 δή
559 1686 633 1760 ποτ’
651 1681 759 1761 ούσαν
768 1688 868 1762 Ἰλίου

177 1785 319 1878 Ἑκάβην
333 1786 376 1860 άν
389 1791 574 1880 ἐξεύροιμι,
594 1793 749 1886 Τρῳάδες
762 1794 876 1884 κόραις
1020 1814 1072 1870 485

61 1898 137 1959 XO.
181 1888 266 1979 αῦτη
281 1896 382 1974 πέλας
396 1914 458 1963 σου
471 1893 552 1963 νῶτ’
569 1893 681 1982 ἔχουσ’
697 1897 752 1966 ἐπὶ
763 1905 876 1984 χθονί,

183 1994 370 2083 Ταλθύβιε,
387 2011 493 2066 κεῖται
511 2001 759 2086 ξυγκεκλημένη
776 2004 923 2079 πέπλοις.

64 2101 136 2164 ΤΑ.
176 2086 203 2164 ά
218 2104 304 2184 Ζεῦ,
318 2105 354 2166 τί
364 2101 465 2180 λίξως
483 2098 607 2189 πότερά
620 2097 653 2168 α’
670 2095 875 2189 ἀνθρώπους
888 2096 990 2190 δράν;

179 2193 202 2286 ἢ
215 2198 315 2281 δόξαν
329 2195 438 2280 άλλως
451 2200 534 2288 ιη’νδ
536 2228 552 2270 ε
565 2207 750 2288 κεκτῆσθαι
763 2200 871 2289 μάτην

173 2299 306 2389 [ψευδη,
323 2306 506 2382 δοκοῦντας
520 2302 693 2392 δαιμόνων
706 2302 793 2373 είυαι
805 2302 935 2395 γίνος],
1016 2319 1069 2375 490

178 2402 284 2492 τύχην
298 2404 336 2472 δὲ
350 2403 458 2472 πάντα
471 2400 534 2473 τάν
546 2413 679 2495 βροτοῖς
692 2408 903 2487 ἐπισκοπεῐυς

75 2565 78 2571 ,
177 2501 240 2592 ούχ
252 2502 308 2594 ἥδ’
324 2501 454 2575 άνασσα
467 2513 535 2576 τῶν
549 2506 773 2597 πολυχρύσων
786 2513 945 2596 Φρυγῶν,

176 2603 238 2694 ούχ
251 2605 312 2696 ἥδε
325 2608 482 2698 Πριάμου
496 2616 557 2678 τοῦ
570 2606 645 2697 μέγ’
662 2606 781 2698 ὀλβίου
796 2609 925 2699 δάμαρ;

175 2711 233 2778 καὶ
246 2717 312 2780 νῦν
326 2711 421 2791 πόλις
434 2710 496 2798 μὲν
510 2709 590 2781 πάρ’
607 2709 790 2800 ἀνέστηκεν
803 2717 892 2799 δορί,

174 2807 260 2900 αῦτη
274 2813 313 2882 δὲ
326 2812 431 2901 δούλη
445 2820 552 2902 γραῦς
565 2811 665 2894 άπαις
679 2816 733 2884 ἐπὶ
745 2815 846 2902 χθονί
1016 2830 1066 2885 495

174 2928 280 2984 κελται
294 2913 387 2984 κόνει
401 2914 560 3004 φύρουσα
574 2916 743 3004 δύστηνον
757 2916 853 3008 κάρα.

174 3023 241 3104 φεῦ
256 3022 338 3104 φεῦ·
356 3019 466 3105 γέρων
478 3021 541 3105 μέν
556 3015 635 3106 είμ’,
649 3015 739 3107 ὅμως
752 3022 792 3089 δέ
803 3047 861 3108 μοι
876 3029 999 3090 θανεῖν

173 3128 224 3205 είη
239 3120 321 3206 πρὶν
335 3124 456 3210 αἰσχρᾷ
470 3137 664 3210 περιπεσεῖν
677 3121 761 3212 τύχη
775 3128 852 3191 τινί.

171 3215 337 3308 άνίστασ’,
355 3212 383 3290 τό
397 3221 560 3311 δύστηνε,
575 3224 632 3292 καὶ
646 3224 824 3314 μετάρσιον

171 3320 324 3412 πλευράν
337 3330 454 3415 ἔπαιρε
467 3327 524 3395 καὶ
537 3323 574 3394 τὸ
589 3325 779 3396 πάλλευκον
793 3324 888 3416 κάρα.
1010 3341 1063 3393 500

55 3427 125 3489 ΕΚ.
169 3429 224 3492 ἔα·
241 3432 292 3506 τίς
305 3415 405 3507 οὗτος
417 3434 512 3515 σῶμα
526 3425 653 3515 τοῦμδν
664 3425 727 3498 οῦκ
740 3432 798 3520 ἐᾷς

169 3538 324 3610 κείσθαις
341 3535 378 3597 τί
388 3545 492 3610 κινεῖς
504 3526 541 3616 μ’
560 3523 650 3610 ὅστις
664 3529 697 3598 εί
707 3529 942 3617 λυπουμένηνς
