2517 3934
145 168 188 233 68
492 171 771 232 ANAPOMAXH

262 356 397 410 κτανεῖν
413 344 526 411 θέλων
540 337 636 430 τήνδ’
654 344 691 410 ἐκ
706 349 814 429 χερῶν
829 338 1025 430 ἁρπάζομαι.
1044 343 1070 424 λ)

262 450 370 514 καίτοι
385 441 484 533 φέρ’,
506 440 659 527 ἅψασθαι
674 423 819 531 γὰρῖάκ
833 441 972 533 αίσχρδν
987 443 1101 532 λόγον,

260 540 304 634 ἢν
318 562 395 626 παῖς
409 546 471 635 μὲν
485 543 552 634 ἡμὴ
567 543 612 634 μὴ
627 547 723 634 τέκη,
738 545 860 633 ταύτης
873 543 906 614 δ’
922 542 988 615 άπο

260 647 428 736 βλάστωσι
441 655 576 735 παῖδες,
591 651 693 735 τῆσδε
707 653 768 735 γῆς
783 644 975 728 Φθιώτιδος

263 749 394 838 στήσεις
407 750 612 840 τυράννους,
626 747 791 839 βάρβαροι
805 748 837 819 δ’
854 748 948 830 ὄντες
963 752 1061 837 γένος
1102 766 1153 822 665

254 848 410 938 Ἕλλησιν
424 848 560 940 άρξουσ’
575 883 584 935 3
608 847 669 920 εἶτ’
686 850 750 940 ἐγῶ
765 853 827 938 μὲν
841 848 883 921 οὖ
899 859 1016 942 φρονῶ

262 961 370 1042 μισῶν
384 953 424 1023 τά
436 952 481 1042 μὴ
496 959 628 1041 δίκαια,
644 954 697 1022 σοὶ
712 950 744 1022 δ’
762 961 870 1023 ἔνεστι
884 961 985 1038 νοῦς;

264 1056 412 1151 [κάκεῖνο
429 1065 497 1129 νῦν
514 1057 686 1147 ἄθρησον·
707 1065 739 1128 εί
755 1059 798 1129 σύ
818 1065 922 1129 παῖδα
940 1057 1005 1146 σὴν

263 1157 343 1238 δούς
359 1185 404 1248 τῳ
420 1163 582 1244 πολιτῶν,
598 1153 659 1225 εἶτ’
677 1162 798 1244 ἔπασχε
812 1157 934 1244 τοιάδε,

263 1267 341 1350 σιγῇ
355 1257 479 1346 καθησ’
496 1256 557 1342 άν;
572 1255 613 1328 οὐ
628 1264 734 1328 δοκῶ·
752 1260 847 1347 ξένης
861 1257 893 1328 δ’
910 1255 997 1349 ὅπερ
1103 1276 1155 1332 670

264 1369 400 1431 τοιαῦτα
413 1362 545 1442 λάσκεις
558 1359 638 1441 τούς
652 1357 857 1447 ἀναγκαίους
872 1368 1012 1449 φίλους;

263 1465 319 1532 καλ
333 1463 399 1551 μὴν
413 1473 488 1532 ἴσον
505 1461 538 1552 γ’
555 1460 640 1552 άνήρ
655 1465 760 1532 τεκαὶ
775 1463 862 1552 γυνὴ
878 1466 994 1533 σθένει

215 1599 247 1686 xx
263 1563 467 1653 ἀδικουμένη
481 1562 717 1680 πρόςρἱδρός·
734 1562 778 1646 ῶς
792 1563 824 1636 δ’
841 1564 950 1645 αὔτως
964 1562 1050 1654 ἀνὴρ

263 1683 408 1757 γυναῖκα
421 1676 661 1758 μωραίνουσαν
676 1671 712 1737 έν
726 1669 842 1757 δόμοις
857 1675 951 1756 ἔχων.

262 1772 319 1839 καὶ
334 1776 380 1862 τῷ
394 1769 456 1857 μέν
470 1775 560 1839 ἔστιν
574 1773 610 1839 ίν
623 1787 738 1860 χεροῖν
750 1773 835 1859 μέγα
851 1773 985 1857 σθένος,
1104 1787 1155 1843 676

262 1879 302 1963 τῇ
320 1870 352 1941 δ’
369 1875 406 1941 έν
419 1879 555 1959 γονεῦσι
571 1874 626 1941 καὶ
642 1880 753 1960 φίλοις
767 1872 807 1941 τὰ
820 1873 1006 1961 πράγματα.

264 1971 392 2044 οὔκουν
406 1980 538 2044 δίκαιον
553 1991 621 2054 τοῖς
636 1972 669 2062 γ’
688 1979 778 2062 ἐμοῖς
791 1979 980 2063 ἐπωφελεῖν
989 1975 1010 2066 3]

263 2081 373 2167 γέρων
386 2079 496 2164 γέρων
511 2077 556 2146 εί·
572 2075 634 2164 τὴν
648 2075 681 2147 δ’
699 2075 781 2165 ἐμὴν
799 2081 1005 2165 στρατηγίαν

264 2183 372 2265 λέγων
387 2176 438 2266 ἔμ’
457 2176 600 2267 ῶφελοῖς
615 2174 659 2248 ῶν
674 2174 695 2266 ἢ
709 2187 815 2268 σιγῶν
827 2181 941 2250 πλέον.

260 2278 373 2370 Ἑλένη
388 2278 421 2349 δ’
438 2278 597 2369 έμόχθησ’
615 2278 678 2369 οὐχ
693 2280 818 2368 ἑκοῦσ’,
835 2279 909 2351 ἀλλ’
926 2286 963 2352 ἐκ
977 2289 1082 2371 θεῶν,
1105 2299 1159 2354 686

264 2385 321 2452 καὶ
334 2390 433 2452 τοῦτο
446 2393 603 2454 πλεῖστον
617 2381 792 2472 ῶφέλησεν
803 2381 961 2454 Ἑλλάδα·

265 2482 379 2555 ὅπλων
394 2485 458 2575 γὰρ
473 2484 567 2566 ὄντες
581 2489 637 2554 καὶ
651 2487 754 2575 μάχης
770 2483 922 2578 άίστορες

264 2596 388 2677 ἔβησαν
404 2597 449 2670 είς
463 2587 657 2678 τάνδρεῖον·
672 2585 693 2676 ἡ
708 2585 742 2658 δ’
759 2585 872 2677 ὁμιλία

265 2692 400 2761 πάντων
413 2701 562 2781 βροτοῖσι
572 2699 722 2780 γίγνεται
737 2691 947 2772 διδάσκαλος.

267 2800 298 2863 εί
310 2791 343 2862 δ’
360 2801 407 2874 είς
421 2794 588 2883 πρόσοψιν
602 2801 659 2881 τῆς
675 2797 754 2882 ἐμῆς
769 2793 881 2862 έλθῶν
896 2792 961 2884 έγῶ
1103 2810 1159 2866 685

265 2894 426 2985 γυναικὸς
439 2903 536 2983 ἔσχον
549 2895 593 2985 μὴ
609 2911 761 2982 κτανεῖν,
776 2896 1005 2984 ἐσωφρόνουν.

264 2994 340 3066 οὐδ’
357 2995 400 3067 ἅν
415 3020 452 3066 σε
467 3005 588 3067 Φῶκον
602 2995 730 3086 ἤθελον
745 3013 975 3068 κατακτανεῖν.

264 3097 358 3168 ταῦτ’
376 3091 416 3168 εὖ
430 3107 569 3188 φρονῶν
588 3097 620 3169 σ’
638 3104 805 3188 ἐπῆλθον,
820 3099 883 3170 οὐκ
898 3097 1000 3190 ὀργῆς
1012 3100 1127 3190 χάριν·

264 3198 308 3290 ἢν
321 3200 353 3270 δ’
371 3199 561 3291 ὀξυθνμῇς,
576 3205 630 3272 σοὶ
644 3201 739 3292 μὲνὴ
755 3210 968 3291 γλωσσαλγία

263 3312 402 3393 μείζων,
420 3307 493 3393 ἐμοί
507 3305 544 3374 δὲ
558 3306 676 3393 κέρδος
689 3303 710 3392 ἡ
724 3312 909 3394 προμηθία.
1103 3319 1160 3374 696

151 3415 221 3477 XO.
262 3405 463 3476 παύσασθον
476 3404 557 3495 ἤδη,
572 3413 682 3498 λῷστα
696 3405 760 3496 γάρ
774 3414 890 3498 μακρῷ
906 3407 994 3494 τάδε,

265 3508 376 3596 λόγων
389 3516 549 3595 ματαίων,
564 3507 609 3596 μὴ
626 3506 689 3576 δύο
704 3505 854 3596 σφαλῆθ’
872 3505 949 3597 ἅμα.
