2517 3934
591 188 750 246 ΒΑΚΧΑΙ

308 356 454 443 τελετάς,
469 355 516 426 ἵν’
527 366 600 446 είην
615 355 766 446 ἐμφανὴς
780 360 912 443 δαίμων
925 363 1068 444 βροτοῖς.

308 458 440 544 πρῶτας
454 457 491 528 δέ
506 457 619 547 Θήβας
633 464 734 545 τῆσδε
747 465 808 545 γῆς
817 453 1008 544 Ἑλληνίδος

308 557 522 648 ἀνωλόλυξα,
538 557 669 648 νεβρίδ’
685 559 806 642 ἐξάψας
819 557 919 648 χροὸς

307 661 441 751 θύρσον
455 688 490 730 τε
504 660 586 743 δοὺς
601 667 648 741 είς
661 675 773 751 χεῖρα,
788 668 942 730 κίσσινον
955 663 1063 750 βέλος,
1161 680 1198 734 2⁵

308 765 384 832 ἐπεί
394 759 424 850 μ’
442 760 586 850 ἀδελφαὶ
599 759 741 852 μητρός,
756 759 795 844 ἀς
809 757 912 851 ἥκιστ’
929 765 1040 852 ἐχρῆν,

306 863 479 933 Διόνυσον
494 860 557 933 οάκ
572 870 723 953 ἔφασκον
738 868 884 952 ἐκφῦναι
896 863 991 952 Διός,

238 957 281 1046 XX
308 967 463 1054 Σεμέλην
476 966 514 1035 δέ
527 977 788 1054 νυμφευθεῖσαν
801 968 838 1034 ἐκ
852 972 988 1135 mxxiv}
997 993 1088 1046 τινος

309 1075 356 1147 είς
369 1062 448 1154 Ζῆν’
462 1062 648 1158 ἀναφέρειν
660 1066 723 1155 τὴν
736 1064 902 1156 ἁμαρτίαν
951 1093 1042 1154 χους,

306 1169 449 1257 Κάδμον
462 1166 657 1257 σοφίσμαθ’,
673 1161 723 1238 ῶν
735 1197 792 1238 νιν
815 1175 929 1240 είνεκιι
942 1183 1077 1239 κτανεῖν
1162 1189 1199 1240 30

307 1268 383 1358 Ζῆν’
404 1267 638 1358 ἐξεκαυχῶνθ’,
653 1267 705 1340 ὅτι
717 1271 845 1360 γάμους
858 1270 1031 1351 ἐψεύσατο.

307 1373 422 1462 τοιγάρ
437 1400 494 1441 νιν
507 1369 612 1452 αότάς
626 1375 663 1442 ἐκ
677 1373 791 1461 δόμων
810 1365 954 1461 ρ’)’στρησ’
970 1370 1035 1460 ἐγῶ

307 1481 458 1561 μανίαις·
486 1470 564 1564 ὅρος
577 1470 611 1542 δ’
628 1481 760 1544 οίκοῦσι
774 1472 962 1564 παράκοποι
977 1479 1128 1563 φρενῶν·

308 1577 435 1664 σκευήν
448 1571 473 1643 τ’
490 1583 580 1663 ἐχειν
592 1572 757 1665 ἦνάχκαῶ
775 1571 902 1665 όρχίων
915 1578 1015 1663 ἐμῶν,

306 1679 363 1746 καὶ
377 1684 446 1748 πάυ
458 1674 495 1745 τὸ
511 1684 603 1765 θῆλυ
617 1681 748 1767 σπέρμα
761 1681 943 1765 Καδμείων
956 1673 1031 1746 όσαι
1162 1695 1199 1763 3ςι

306 1795 465 1866 γυναῖκες
478 1769 565 1866 ἦσαν
584 1781 723 1868 ἐξέμηνα
738 1778 919 1867 δωμάτων·

308 1877 395 1968 ὁμοῦ
410 1880 448 1949 δέ
461 1880 604 1968 Κάδμου
619 1882 736 1950 παισλν
751 1876 1017 1968 ἀναμεμιγμέναι

276 1987 296 2054 λλ
306 1990 451 2071 χλωραῖς
465 1977 519 2050 ὑπ’
537 1981 669 2082 ἐλάταις
681 1979 864 2073 ἀνορόφοις
877 1972 975 2069 ἧνται
988 1984 1134 2069 πέτραις.

307 2090 362 2153 δεῖ
376 2083 439 2173 γάρ
454 2083 555 2153 πόλιν
568 2081 665 2172 τήνδ’
681 2088 860 2171 ἐκμαθεῖν,
877 2090 932 2152 κεί
943 2081 988 2170 μὴ
1002 2085 1108 2171 θέλει,

307 2183 482 2254 ἀτέλεστον
496 2176 602 2254 οὖσαν
615 2193 685 2254 τῶν
702 2189 792 2273 ἐμῶν
807 2185 1057 2274 βακχευμάτων,
1162 2205 1199 2258 4⁰

307 2289 457 2375 Σεμέλης
470 2314 506 2356 τε
519 2291 645 2376 μητρὸς
659 2285 940 2375 ἀπολογήσασθαί
948 2283 979 2375 μ’
996 2282 1083 2378 ὕπερ

307 2392 456 2477 φανέντα
470 2400 609 2477 θνητοῖς
624 2384 766 2477 δαίμον’,
781 2384 823 2458 δν
836 2395 941 2458 τίκτει
957 2395 1028 2457 Διί.

306 2490 443 2579 Κάδμος
456 2491 518 2578 μὲν
534 2480 598 2559 οὖν
616 2492 717 2581 γέρας
730 2518 767 2560 τε
780 2492 837 2560 καλ
849 2494 1035 2579 τυραννίδα

305 2601 438 2662 Πενθεῖ
450 2595 570 2662 δίδωσι
583 2591 756 2681 θυγατρὸς
770 2591 985 2679 ἐκπεφυκότι,

307 2691 344 2775 δς
360 2705 525 2782 θεομαχεῖ
535 2692 576 2761 τὰ
589 2691 658 2762 κατ’
675 2692 731 2781 ἐμὲ
745 2695 801 2762 καὶ
817 2699 976 2764 σπονδῶν
990 2689 1055 2762 ἀπο
1163 2713 1199 2764 45

306 2793 394 2866 ῶθεῖ
404 2793 434 2884 μ’
452 2799 490 2866 ἐν
504 2792 617 2884 εάχαῖς
631 2791 656 2864 τ’
673 2792 831 2883 οάδαμῶς
844 2803 964 2883 μνείαν
978 2802 1055 2883 ἔχει.

306 2888 355 2966 ῶν
378 2897 478 2968 εἵνεκ’
495 2893 587 2988 αὐτῷ
601 2900 684 2978 θεὸς
697 2894 805 2985 χενῶς
819 2900 1006 2985 ἐνδείξομαι

307 3005 410 3068 πᾶσίν
424 3025 461 3067 τε
475 3005 685 3084 Θηβαίοισιν.
718 3006 766 3079 είς
780 2995 813 3067 δ’
830 2996 937 3087 ἀλλην
949 2997 1076 3086 χθόνα,

303 3099 471 3169 τάνθένδε
483 3100 626 3185 θέμενος
641 3091 698 3188 εὖ,
713 3101 905 3189 μεταστήσω
919 3100 1017 3186 πόδα,

306 3199 443 3281 δεικνάς
457 3200 618 3287 ἐμαυτόν·
646 3197 690 3289 ἢν
703 3204 741 3272 δὲ
756 3209 915 3290 Θηβαίων
932 3201 1027 3281 πόλις
1163 3220 1198 3272 σο

304 3301 389 3394 ὀργῇ
402 3301 469 3372 σύν
483 3298 599 3382 ὅπλοις
613 3306 647 3384 ἐξ
664 3301 766 3392 ὅρους
778 3304 909 3390 Βάκχας
923 3299 1019 3390 ἄγειν

304 3412 399 3492 ζητῇ,
414 3402 556 3484 συνάψω
571 3401 709 3489 μαινάσι
724 3411 969 3493 στρατηλατῶν.

178 3561 182 3570 .
306 3495 355 3573 ῶν
374 3503 475 3574 εἵνεκ’
496 3502 584 3583 εἶδος
598 3501 729 3592 θνητὸν
743 3503 884 3588 ἀλλάξας
898 3511 962 3592 ἐχω
