2517 3934
68 562 134 622 XO.

67 663 132 724 ΕΛ.

69 970 137 1030 XO.

67 1173 132 1232 EA.

498 177 654 240 ΕΔΕΝΗ

178 346 348 437 τέθριππά
367 344 407 416 θ’
429 343 530 417 άλίου

177 454 231 534 [ἐς]
247 450 397 520 κέλευθά
410 447 440 518 τ’
461 447 621 540 ἀστέρων,

174 565 189 604 ι
243 567 259 604 ι
312 564 329 604 ι
382 565 397 604 ι
452 566 467 602 ι
522 557 536 592 *
589 560 605 594 τ
657 564 673 603 ι

176 669 191 703 ι
244 660 260 698 τ
312 667 328 705 ι
382 668 398 706 ι
453 667 469 704 τ
522 667 538 705 ι
593 662 608 696 *
660 662 676 696 τ

176 753 198 845 ἢ
210 755 244 825 ’ν
256 758 374 824 νέκυσι
388 758 472 824 κατὰ
485 755 609 843 χθονὸς

176 857 238 928 τὰν
252 858 396 945 χθόνιον
412 865 478 946 ἔχει
492 857 613 944 τύχαν;

177 969 224 1041 είς
239 957 276 1028 τὸ
293 963 457 1049 φέρτερον
470 967 561 1029 τίθει

177 1061 214 1133 τὸ
229 1064 368 1151 μέλλον,
384 1059 403 1130 ό
416 1090 449 1131 τι
462 1062 647 1150 γενήσεται.

174 1166 211 1235 σὲ
226 1162 289 1253 γάρ
304 1165 460 1251 ἐκάλεσα,
475 1165 513 1233 σὲ
527 1171 547 1233 δ
550 1165 565 1234 ὲ
578 1165 757 1252 κατόμοσα,

176 1265 236 1336 τὸν
249 1263 415 1353 ύδρόεντα
430 1266 548 1336 δόνακι
562 1265 696 1355 χλωρὸν

175 1366 358 1459 Εύροόταν,
374 1368 540 1450 θανόντος
555 1375 587 1438 εί
598 1369 692 1457 βάξις

176 1478 296 1558 ἔτυμος
310 1467 434 1560 ἀνδρὸς
447 1467 508 1540 άδε
521 1499 577 1558 μοι
604 1515 649 1525 —

127 1627 133 1640 .
177 1581 213 1642 τί
222 1569 296 1642 τάδ’
313 1570 477 1656 άσύνετας

123 1727 130 1742 .
177 1673 299 1763 φόνιον
314 1675 466 1765 αίοόρημα

70 2495 132 2556 XO.

177 1775 232 1847 διά
246 1780 346 1867 δέρης
359 1775 525 1866 ὀρέξομαι,

175 1876 196 1967 ἦ
213 1879 412 1967 ξιφοκτόνον
430 1869 581 1967 διωγμόν

177 1981 360 2071 αἱμορύτου
395 1989 526 2071 σφαγᾶς
1016 2003 1067 2058 555

175 2081 403 2171 αὐτοσίδαρον
416 2090 481 2153 ἔσω
495 2081 627 2153 πελάσω
643 2081 700 2153 διὰ
715 2082 838 2175 σαρκὸς
852 2081 1018 2175 ἅμιλλαν,

173 2193 269 2272 θύμα
282 2185 449 2275 τριζύγοις
462 2196 576 2255 θεαῖσι

174 2296 219 2378 τῷ
235 2314 270 2356 τε
284 2295 458 2374 συρίγγων
471 2284 591 2357 άοιδάν
607 2294 703 2376 σεβί-

174 2396 261 2471 ζοντι
274 2395 449 2481 Πριαμίδρι
462 2386 536 2460 ποτ’
552 2386 640 2478 άμφλ
655 2389 902 2478 βουστάθμους.

171 2487 285 2560 άλλοσ’
304 2488 477 2581 ἀποτροπὰ
490 2498 604 2560 κακῶν
1013 2510 1066 2565 360

172 2595 320 2681 γίνοιτο,
336 2591 372 2663 τό
388 2594 426 2663 δὲ
442 2593 504 2662 σόν
518 2591 664 2682 εύτυχίς.

72 2699 129 2761 ΕΛ.
168 2694 208 2764 cni
229 2702 333 2787 Τροία
346 2695 496 2783 τάλαινα,

175 2795 221 2866 δι’
241 2795 315 2886 ἔργ’
333 2794 449 2886 ἄνεργ’
466 2794 608 2866 ὄλλυσαι
622 2796 724 2885 μέλεά
737 2793 769 2865 τ’
786 2804 896 2878 ἔτλας·

171 2897 210 2967 τὰ
225 2895 258 2968 δ’
275 2897 338 2986 ἐμά
352 2905 446 2989 δῶρα
460 2899 634 2988 Κύπριδος
648 2906 740 2969 ἔτεκε

171 2999 260 3070 πολύ
273 3003 336 3088 μὲν
350 2997 448 3089 αἷμα,
464 2999 550 3070 πολύ
565 3002 604 3071 δὲ
618 3002 787 3090 δάκρυον,
802 2998 883 3090 ἄχεά
895 2999 926 3071 τ’
943 2998 1047 3090 άχεσι,

171 3103 303 3194 δάκρυα
318 3103 484 3194 δάκρυσιν
500 3109 609 3191 [ἔλαβε
624 3103 746 3190 πάθεα,
1014 3121 1064 3175 365

170 3207 309 3296 ματέρες
323 3233 359 3276 τε
372 3212 494 3285 παῖδας
509 3203 661 3292 άλισαν],

170 3304 235 3376 άπὸ
252 3308 292 3377 δὲ
307 3311 471 3397 παρθένοι
486 3308 589 3398 κόμας

170 3415 291 3478 ἔθεντο
306 3410 468 3498 σύγγονοι
481 3416 614 3499 νεκρῶν
627 3407 869 3496 Σκαμάνδριον

171 3507 257 3599 ἀμφὶ
273 3512 428 3603 Φρύγιον
442 3511 552 3600 οίδμα.
795 3605 852 3668 13*
