2517 3934
575 181 847 241 ΗΡΑΚΛΕΙΔΑΙ

325 353 415 439 παρά
428 348 463 439 γ’
479 342 519 421 εὖ
534 358 742 438 φρονοῦσιν;

327 455 443 543 είρήνα
454 453 516 542 μὲν
531 454 640 540 ἔμοιγ’
655 449 806 538 ἀρέσκει·

325 560 381 628 σοὶ
395 555 441 643 δ’,
457 546 484 623 ά
498 555 683 643 κακόφρων
696 550 790 639 ἀναξ,

326 662 429 747 λέγω·
448 664 480 725 εί
494 657 593 726 πόλιν
606 653 706 745 ἥξεις,

325 759 388 849 οὐχ
402 756 509 839 οὕτως
524 755 546 827 ἀ
559 764 671 839 δοκεῖς
684 752 851 846 κυρήσεις.

323 858 365 932 οά
379 865 433 931 σολ
446 861 539 953 μόνῳ
554 868 648 948 ἔγχος
662 856 739 929 οὐδ’

323 966 393 1034 ίτέοι
406 963 609 1050 κατάχαλκός
624 967 724 1032 ἐστιν.

324 1062 399 1136 ἀλλ’
420 1062 479 1152 οό,
495 1068 652 1153 πολέμων
665 1063 796 1150 ἐραστά,

324 1169 371 1258 μή
383 1196 440 1256 μοι
454 1169 529 1255 δορὶ
542 1165 754 1253 ουνταράξης

324 1271 388 1340 τάν
401 1262 441 1340 εὖ
454 1277 601 1358 χαρίτων
614 1276 760 1354 ἔχουσαν

325 1374 441 1459 πόλιν,
457 1367 532 1440 ἀλλ’
548 1368 706 1457 ἀνάσχου.
1167 1384 1215 1438 380

262 1530 270 1543 .
324 1466 352 1543 ά
366 1490 441 1561 ποτ,
456 1480 493 1542 τί
505 1501 562 1560 μοι
576 1472 740 1540 σύννοιαν
753 1467 898 1559 ὄμμασιν
911 1472 1028 1559 φέρων

325 1573 434 1664 fixum
448 1577 528 1644 νέον
542 1603 575 1642 τι
588 1581 758 1662 πολεμίων
767 1577 874 1659 λέγεις
886 1575 981 1661 πέρι;

324 1680 507 1767 μέλλουσιν
519 1671 542 1764 ἢ
558 1675 714 1763 πάρεισιν
727 1670 750 1763 ἢ
763 1684 798 1745 τί
809 1674 999 1758 πυνθάνει;

325 1775 366 1849 οὗ
381 1780 444 1869 γάρ
459 1807 491 1847 τι
504 1776 549 1866 μη
562 1778 674 1867 ψεύσῃ
686 1798 725 1846 σε
738 1777 885 1865 κήρυκος
897 1776 1010 1864 λόγος·

327 1880 345 1951 ό
360 1881 424 1971 γάρ
439 1878 621 1970 στρατηγός
637 1876 779 1967 εὐτυχὴς
792 1879 833 1948 τὰ
847 1878 1000 1964 πρόσθεν
1014 1874 1063 1947 όν
1166 1894 1217 1947 385

327 1984 428 2072 εἶσιν,
444 1981 527 2071 σάφ’
542 1982 636 2069 οἶδα,
651 1984 708 2050 καὶ
722 1977 802 2069 μάλ’
817 1977 859 2050 οά
873 1979 1015 2070 σμικρόν
1028 1986 1169 2069 φρονῶν
1253 2049 1254 2074 5

328 2095 375 2166 είς
387 2085 445 2166 τὰς
457 2083 611 2172 Ἀθήνας
626 2080 712 2152 ἀλλὰ
723 2092 794 2153 τῶν
807 2084 1035 2172 φρονημάτων

326 2186 344 2258 ό
359 2187 445 2268 Ζεὺς
457 2185 620 2273 κολαστὴς
633 2192 703 2255 τῶν
715 2182 803 2273 ἀγαν
816 2182 1055 2273 ὑπερφρόνων.

213 2304 289 2364 ΔΗ.
330 2287 403 2378 ἥκει
417 2285 595 2379 στράτευμ’
609 2285 763 2376 Ἀργεϊον
774 2284 980 2374 Εὐρυσθεύς
993 2284 1024 2355 τ’
1040 2283 1141 2367 ἄναξ·

329 2392 395 2481 έγτό
410 2420 466 2461 νιν
479 2388 581 2469 αὐτὸς
595 2390 698 2459 εἶδον.
716 2386 826 2477 ἄνδρα
838 2387 903 2478 γὰρ
916 2388 1035 2477 χρεοόν,
1168 2403 1221 2457 390

327 2492 418 2573 ὅστις
430 2508 628 2580 στρατηγεῖν
641 2488 724 2580 φησ’
742 2495 942 2561 ἐπίστασθαι
955 2498 1074 2576 καλῶς,

325 2594 389 2667 οάκ
403 2592 573 2683 ἀγγέλοισι
588 2594 668 2674 τοὺς
681 2598 855 2674 ἐναντίους
868 2589 963 2679 ὁρᾶν.

325 2704 425 2769 πεδία
439 2698 501 2785 μὲν
514 2687 578 2765 οὖν
590 2703 652 2784 γῆς
667 2701 714 2775 είς
727 2692 802 2765 τάδ’
818 2692 883 2764 οὐκ
896 2696 1002 2783 ἐφῆκέ
1013 2720 1065 2763 πω

327 2801 485 2891 στρατόν,
500 2806 644 2868 λεπαίαν
658 2796 690 2867 δ’
706 2796 843 2886 όφρόην
856 2797 1047 2885 καθήμενος

328 2918 461 2988 σκοπεῖ,
478 2901 618 2988 δόκησιν
632 2898 674 2988 δὴ
688 2898 761 2970 τόδ’
778 2895 821 2969 ἀν
834 2902 968 2987 λέγοιμί
977 2919 1041 2983 σοι,
1171 2912 1220 2967 ³95

328 3011 409 3094 ποίᾳ
423 3003 580 3090 προσάξει
593 3002 821 3091 στρατόπεδόν
833 2998 864 3069 τ’
881 2998 965 3070 ἀνευ
979 2998 1078 3089 δορὸς
1252 2991 1253 3054 ἦ

328 3109 365 3175 έν
379 3102 526 3194 ἀσφαλεῖ
539 3132 575 3173 τε
587 3101 683 3190 τῆσδ’
700 3104 870 3191 ίδρόσεται
883 3102 1017 3191 χθονός.

327 3210 384 3278 καὶ
398 3205 485 3296 τάμά
511 3198 575 3286 μὲν
600 3204 727 3275 *πάντ’
743 3204 843 3295 ἄραρ’
858 3202 924 3293 ἤδη
937 3210 1064 3282 καλῶς·
1252 3201 1253 3256 δ

329 3310 424 3389 πόλις
438 3305 469 3377 τ’
486 3313 523 3378 έν
540 3305 656 3387 ὅπλοις
668 3308 795 3396 σφάγιά
808 3304 847 3375 θ’
866 3304 1092 3395 ἡτοιμασμὲνα

329 3412 468 3498 ἔστηκεν
481 3405 531 3489 οἷς
543 3407 606 3496 χρὴ
620 3416 724 3476 ταῦτα
736 3412 918 3497 τέμνεσθαι
931 3413 1036 3495 θεῶν,

265 3506 283 3575 δ
329 3520 550 3598 θυηπολεῑται
564 3506 599 3577 δ’
618 3506 703 3578 ἄστυ
717 3511 870 3597 μάντεων
882 3506 960 3596 ὕπο,

886 3613 965 3657 ...Σ
