2517 3934
518 177 682 237 ΒΑΚΧΑΙ
1027 174 1086 243 lll

198 337 274 434 ἦσσ’
296 349 404 417 ἐκεῖσε
435 336 504 438 κᾷτ’
527 349 651 434 ἐκεῖσε,
680 347 811 435 δμωσὶν
833 342 997 441 Ἀχείῷον
1025 351 1088 438 φέ-

541 477 614 539 ρειν
1037 467 1089 522 62⁵

198 553 358 639 ἐννέπων,
370 548 456 633 ἅπας
466 547 499 621 δ’
510 553 547 620 ἐν
557 559 645 643 ἐρχφ
656 556 777 632 δοῦλος
787 541 830 639 ἦν
839 552 948 641 μάτην
960 560 1086 622 πονῶν.

197 656 372 742 διαμεθεὶς
385 655 423 724 δέ
440 654 539 723 τόνδε
552 654 694 742 μόχθον,
709 650 754 735 ώς
769 657 852 741 ἐμοῦ
866 655 1086 743 πεφευγότος,

196 760 281 824 ἵεται
294 759 390 843 ξίφος
404 755 563 826 κελαινὸν
577 753 729 844 ἁρπάσας
743 756 857 845 δόμων
871 765 947 827 ἐσω.

197 848 274 947 κᾷθ’
291 855 309 928 ὁ
323 857 487 948 Βρόμιος,
503 854 548 939 ώς
562 865 675 946 ἔμοιγε
689 866 857 946 φαίνεται,
871 859 974 941 δόξαν
988 860 1086 948 λέγω,

197 956 297 1048 φάσμ’
314 964 472 1050 ἐποίησεν
486 957 554 1030 κατ’
571 957 696 1048 αὐλήν·
711 955 729 1030 ὃ
745 958 778 1030 δ’
787 964 843 1030 ἐπὶ
859 957 955 1030 τοῦθ’
973 957 1088 1051 ώρμη-

540 1065 639 1152 μένος
1036 1081 1089 1136 630

196 1154 279 1252 ᾖσσε
293 1162 447 1236 κάκέντει
461 1165 612 1254 φαεννὸν
625 1161 747 1252 αίθέρ’,
761 1161 806 1244 ώς
820 1165 956 1252 σφάζων
969 1169 1036 1253 ἐμέ.

196 1265 280 1355 πρὸς
302 1269 340 1338 δὲ
363 1265 470 1339 τοῖσδ’
495 1265 586 1359 αὐτῷ
607 1264 682 1337 τάδ’
699 1264 784 1336 ἄλλα
804 1266 947 1354 Βάκχιος
966 1275 1088 1357 λυμαί-

540 1391 652 1440 νεται·

197 1468 319 1561 δώματ’
337 1475 476 1563 ἔρρηξεν
488 1481 626 1561 χαμᾶζε·
652 1472 931 1559 συντεθράνωται
947 1469 979 1541 δ’
996 1468 1086 1544 ἅπαν
1133 1549 1136 1559 ,

200 1575 422 1666 πικροτάτους
443 1575 550 1645 ἰδόντι
571 1572 715 1661 δεσμοὺς
736 1573 816 1656 τοὺς
835 1575 952 1663 ἐμούς·
980 1574 1090 1646 κόπου
1115 1555 1136 1644 ὶὶ

545 1675 578 1747 δ’
595 1673 683 1762 ὕπο,

198 1781 372 1866 διαμεθεὶς
398 1782 495 1868 ξίφος
523 1796 688 1869 παρεῖται.
728 1778 812 1870 πρὸς
837 1777 923 1849 θεὸν
951 1774 1017 1869 γάρ
1038 1773 1088 1850 ών

542 1880 627 1971 ἀνὴρ
1036 1897 1088 1953 635

198 1989 245 2064 είς
257 1981 366 2073 μάχην
381 1988 496 2055 ἐλθεῖν
510 1981 685 2073 έτόίμησ’·
712 1978 836 2071 ἥσυχος
855 1980 889 2051 δ’
907 1980 1007 2071 ἐκβάς
1021 1981 1087 2072 ἐγώ

197 2086 361 2173 δωμάτων
375 2082 446 2175 ἥκω
461 2085 545 2176 πρὸς
555 2083 653 2175 ὑμᾶς,
662 2088 824 2164 Πενθέως
834 2081 876 2154 οὗ
891 2092 1086 2171 φροντίσας.

199 2184 243 2268 ώς
257 2191 297 2257 δέ
308 2217 364 2277 μοι
378 2195 485 2276 δοκεῖ,
507 2204 614 2277 ψοφεῖ
626 2195 713 2278 γοῦν
733 2179 870 2275 άρβόίνχ
880 2187 995 2275 δόμων
1009 2193 1086 2276 ἔσω,

198 2296 245 2370 είς
261 2287 421 2380 προνώπι’
444 2288 548 2380 αὐτίχ’
569 2289 652 2380 ἥξει.
688 2297 724 2360 τί
738 2285 808 2359 ποτ’
830 2284 883 2377 ἄρ’
907 2293 944 2358 ἐκ
958 2289 1089 2359 τούτων

541 2397 628 2484 ἐρεῖς

198 2496 322 2585 ῥᾳδίως
332 2492 396 2586 γάρ
407 2493 513 2566 αὐτὸν
523 2507 615 2584 οῖσω,
623 2490 688 2565 κάν
697 2497 811 2564 πνέων
821 2499 906 2583 my
919 2495 1014 2581 μίγα.
1035 2507 1089 2564 6⁴0

198 2593 282 2686 πρὸς
296 2605 406 2687 σοφοῦ
421 2596 486 2687 γάρ
508 2596 633 2688 ἀνδρὸς
648 2594 765 2667 άσκεῖν
779 2593 925 2684 σώφρον’
942 2592 1088 2684 εὐοργη-

543 2709 631 2770 σίαν.

81 2808 146 2870 ΠΕ
195 2801 352 2871 πέπονθα
366 2802 476 2872 δεινά·
500 2804 710 2891 διαπέφευγέ
719 2797 750 2889 μ’
766 2797 785 2870 ό
799 2802 901 2887 ξένος,

198 2897 235 2982 ὃς
249 2898 324 2991 άρτι
337 2910 471 2993 δεσμοῖς
484 2896 528 2990 ἦν
541 2907 866 2993 κατηναγκασμένος.

200 3011 237 3072 ἐα
252 3012 305 3074 ἐα·

199 3101 253 3176 ὅδ’
269 3109 361 3176 ἐστὶν
374 3104 476 3197 άνήρ·
493 3114 530 3177 τί
540 3109 639 3192 τάδες
657 3116 728 3190 πώς
746 3107 938 3196 προνώπιος
1035 3119 1086 3174 64⁵

199 3216 315 3296 φαίνει
328 3215 413 3297 πρὸς
427 3221 531 3291 οἴκοις
544 3227 614 3292 τοῖς
628 3215 735 3298 ἐμοῖς,
750 3214 812 3292 ἔξω
825 3208 952 3298 βεβώςς

80 3319 142 3381 ΔΙ.
198 3318 322 3399 στῆσον
336 3310 426 3401 πόδ’,
442 3309 527 3402 ὀρχῇ
544 3310 576 3382 δ’
593 3310 724 3393 ὑπόθες
736 3310 864 3400 ἥσυχον
879 3309 976 3379 πόδα.

54 3437 58 3444 ’
80 3423 153 3484 ΠΕ.
196 3412 308 3484 πόθεν
321 3413 365 3484 στὶ
382 3414 488 3503 δεσμά
506 3413 687 3504 διαφυγών
700 3419 762 3497 ἐξω
777 3420 899 3503 περᾷςς

81 3525 142 3586 AI.
198 3512 261 3586 οὐκ
276 3513 407 3608 εἶπονῆ
422 3515 485 3587 οὐκ
498 3514 647 3607 ἤκουσας
661 3514 713 3586 ὅτι
727 3516 823 3585 ὶόσει
836 3516 880 3603 με’
891 3540 958 3594 τιςς
