2517 3934
386 235 437 288 DE
455 235 643 292 nvmt’mts
660 237 813 290 meanto
961 235 1094 290 XXXVII

107 395 193 449 natus
217 394 270 458 est,
292 386 396 448 loedus
418 406 485 449 cum
501 390 614 466 Argivis
636 389 800 450 ineundum
822 386 1091 466 commendavitn).

106 473 234 552 deniqne
258 473 404 532 etiamad
427 491 475 534 res
498 473 675 534 domesticas
702 475 905 553 privatamque
932 475 1020 534 vitam
1043 474 1093 534 de-

106 556 234 618 scendit:
266 555 390 618 athletas
417 563 446 616 ei
473 557 636 636 palaestrae
670 559 897 618 exercitationes
929 560 1093 637 impugnat,

106 646 211 702 cantus
234 647 263 701 ei
284 639 463 702 chordarum
485 660 573 702 sonos
596 641 633 702 ab
661 641 755 720 epulis
778 649 808 702 et
829 643 969 702 conviviis
991 643 1095 704 abesse

105 721 226 802 vult⁷³l2
248 726 385 804 inprimis
407 744 477 786 vero
499 725 640 786 mulieres
667 733 808 804 tanquam
831 726 958 787 nelarias
980 734 1010 786 et
1030 744 1095 786 sce·

105 808 203 870 lerum
226 809 426 886 quorumlibet
448 811 675 871 machinatrices
696 813 856 871 insectatus
879 806 981 890 estu),
1011 811 1095 871 cuius

105 892 168 953 odii
189 911 264 972 quae
287 911 393 955 causae
415 895 535 964 inerint,
558 896 705 973 suspicari
727 895 819 972 magis
841 894 912 954 licet
933 912 1021 974 quam
1043 894 1095 954 de·

104 973 328 1054 monstrare⁷⁵l.

171 1061 272 1123 Oratio
294 1079 351 1140 qua
374 1062 529 1142 Euripides
550 1063 652 1132 uther,
676 1069 709 1123 ut
730 1061 766 1123 ab
782 1060 935 1142 Aeschylei
958 1061 1096 1124 cothurni

104 1147 325 1222 magnificentia
348 1153 378 1207 et
399 1144 436 1206 ab
458 1149 612 1224 ingenioso
635 1145 791 1224 Sophoclis
818 1147 942 1207 artificio
963 1146 1096 1226 aliquan·

105 1237 171 1290 tum
201 1229 364 1308 discrepat,
394 1231 434 1290 ita
463 1232 584 1310 propius
619 1229 734 1290 accedit
760 1230 797 1291 ad
827 1237 980 1290 venustam
1009 1232 1096 1292 Attici

103 1315 259 1374 sermonis
281 1315 455 1390 elegantiam
479 1322 509 1375 et
536 1313 744 1374 urbanitatem.
788 1315 899 1392 inqua
926 1315 1094 1393 principum

103 1397 289 1472 tragicorum
324 1398 493 1460 diversitate
525 1406 586 1458 tam
618 1406 786 1477 temporum
819 1396 927 1477 quibus
962 1399 1095 1460 vixerunt

103 1481 315 1542 condicionem
343 1499 431 1558 quam
460 1482 640 1561 peculiarem
674 1484 817 1558 cuiusque
847 1489 981 1545 naturam
1010 1482 1095 1543 iacile

104 1566 273 1644 agnoveris.
318 1565 426 1628 abiecit
459 1566 616 1645 Euripides
650 1565 794 1646 ampullas
823 1573 853 1627 et
879 1567 1095 1647 sesquipedalia

103 1649 213 1710 verba:
238 1649 402 1712 orationem
425 1651 537 1712 elilnxit
552 1653 671 1728 egregie
693 1657 895 1729 temperatam,
921 1668 996 1730 quae
1017 1653 1095 1712 inter

175 1849 219 1915 li)
237 1849 349 1914 Argivis
368 1853 471 1902 amicos
484 1851 585 1902 debere
603 1850 788 1901 Athenienses
808 1866 871 1901 esse
884 1851 963 1902 docet
980 1852 1095 1904 Hercei.

104 1919 160 1970 310
177 1931 246 1982 sqq.‚
264 1917 298 1967 de
318 1917 462 1982 Spartanis
480 1918 543 1969 vide
562 1917 658 1982 Suppl.
677 1919 737 1969 18⁷:
756 1913 877 1984 Σπάρτη
895 1913 947 1998 pin
965 1911 1027 1998 ro'pri
1047 1915 1096 1970 aori

103 1985 293 2038 πεποίκιλται
312 1976 447 2047 τρόπους,
466 1989 548 2050 atque
566 1985 650 2037 Andr.
669 1987 732 2036 445:
751 1972 772 2036 ὦ
789 1984 879 2035 πᾶσιν
897 1985 1096 2048 ανθρωποιοιν

104 2048 241 2119 ἔχθιστοι
263 2050 383 2116 βροτῶν,
412 2043 548 2118 Σπάρτης
571 2048 693 2117 ἔνοικοι,
721 2045 805 2103 δόλια
831 2050 1021 2118 βουλευτήρια
1039 2044 1096 2106 ari.

103 2118 336 2177 Andromacham,
355 2125 385 2170 ut
398 2120 430 2171 G.
442 2119 595 2170 Hermanni
607 2119 706 2185 [praef.
718 2119 801 2171 Andr.
814 2135 840 2183 p.
854 2116 906 2184 Xl)
919 2121 1010 2170 verbis
1022 2124 1095 2181 utar,

103 2189 155 2238 vix
169 2185 290 2236 dubitari
307 2190 400 2252 potest
412 2187 479 2250 quin
491 2184 556 2238 odio
568 2186 850 2238 Lacedaemoniorum
863 2187 1005 2252 scripserit
1018 2187 1097 2236 Euri·

103 2254 202 2320 pides,
226 2254 304 2304 cuius
326 2253 368 2303 rei
391 2268 452 2304 enm
475 2255 670 2321 apertissimae
688 2253 906 2317 vituperationes
929 2259 986 2304 tam
1008 2270 1096 2304 mores

104 2323 198 2371 testes
216 2325 279 2370 suut
296 2321 463 2372 Hermionae
483 2326 511 2371 et
528 2321 659 2372 Menelai.
694 2335 727 2370 ex
744 2322 780 2371 iis
799 2336 870 2386 quas
889 2337 973 2386 supra
991 2327 1050 2372 not.
1063 2325 1095 2372 21

105 2387 253 2438 attulimus
266 2394 382 2454 apparet
394 2389 476 2454 Argis
493 2388 567 2439 hanc
579 2388 703 2440 fabulam
717 2403 836 2439 scaenae
850 2390 1022 2440 commissam
1035 2403 1096 2439 esse

104 2471 140 2506 eo
160 2454 283 2513 consilio,
302 2460 334 2504 ut
344 2455 441 2521 Argivi
454 2456 587 2507 adversus
599 2457 754 2522 Spartanos
767 2461 947 2508 armarentur.
980 2463 1008 2507 et
1020 2460 1096 2506 recte

103 2523 164 2572 iam
181 2520 231 2572 alii
247 2521 368 2572 Menelai
384 2523 486 2587 verbis,
505 2518 565 2575 ἔστι
581 2517 636 2589 γάρ
653 2539 697 2582 τις
709 2514 744 2573 ori
756 2514 852 2585 πρόσω
865 2516 1000 2589 Σπάρτης
1013 2518 1096 2582 πόλις

103 2606 167 2653 τις,
185 2581 205 2652 ἣ
222 2580 277 2651 πρό
296 2583 419 2654 τοῦμὲν
437 2578 473 2656 ἦν
485 2589 572 2657 φίλη,
591 2589 646 2642 νῦν
664 2583 694 2641 d’
707 2584 801 2655 ἐχθροὶ
813 2590 989 2656 ποιεῖ(λ33),
1008 2590 1096 2656 Argos

104 2655 263 2722 significari
280 2656 467 2707 coniecerunt.

175 2721 223 2789 ts)
241 2722 325 2774 Andr.
345 2725 407 2776 699:
435 2718 560 2790 δρόμους
582 2723 760 2789 παλαίστρας
786 2713 814 2772 τ’
841 2716 895 2774 oda
917 2714 1096 2788 οἶναοχετοός

104 2783 188 2855 ἐμοί,
205 2791 314 2855 quicum
332 2792 368 2841 ei.
385 2791 418 2842 ir.
436 2793 494 2842 284.
512 2791 584 2844 Med.
605 2793 665 2842 190:
688 2782 806 2848 οταιοός
830 2784 863 2840 di
882 2785 970 2856 λέγων
987 2781 1096 2843 τιοόδέν

102 2875 133 2908 τι
162 2851 272 2920 coperia
298 2852 365 2916 τοὺς
391 2849 505 2924 πρόσθε
531 2856 649 2924 βροτοὺς
673 2851 727 2908 cria
750 2845 788 2907 όῖν
807 2848 962 2923 ἁμάρτοις,
989 2857 1096 2917 οἵτινες

102 2913 218 3004 &paona
236 2915 284 2975 int
302 2919 356 2990 pin
374 2924 496 3006 θαλίαις
514 2917 565 3005 ἐπί
579 2919 606 2975 τ’
621 2921 784 3008 εἰλαπίναις
797 2922 848 2975 καὶ
865 2920 944 2992 παρὰ
963 2924 1095 2984 δείπνοις

101 2990 734 3125 ηνροῖνῦοῙόόὶοἶόόίόόνόίιόρόόόόςίοόόεοίιοοοτ
756 3058 925 3125 tragoedias.
960 3058 1039 3122 vide,
1063 3064 1096 3109 nt

101 3140 197 3192 pauca
222 3125 388 3191 delibemus,
415 3127 449 3177 ir.
468 3128 518 3178 432
539 3126 774 3189 tenolienses,
802 3127 901 3192 quibus
924 3124 995 3176 adds
1019 3128 1094 3192 pium

101 3192 273 3244 desiderium
291 3193 375 3259 Hipp.
394 3196 521 3246 elo—24
540 3196 705 3260 expositum.

174 3259 218 3326 te)
248 3259 398 3327 Corruptos
428 3263 514 3312 fuisse
544 3262 687 3312 mulierum
713 3261 866 3311 Atticarum
894 3275 983 3312 mores
1013 3259 1095 3312 docet

55 3291 308 3393 {Aristophanes
332 3345 392 3378 cnm
415 3329 484 3380 alibi
506 3333 563 3378 tum
586 3331 614 3379 in
637 3328 943 3393 Thesmophorianusis:
966 3327 1017 3378 sed
1039 3329 1094 3392 pri-

99 3395 221 3445 mariam
234 3409 355 3458 eausam,
374 3410 423 3446 eur
433 3397 578 3447 mulierum
590 3413 653 3447 osor
670 3395 818 3460 Euripides
837 3395 932 3456 inerit,
952 3409 986 3445 ex
1003 3397 1094 3459 ipsius

100 3466 207 3526 poetae
225 3463 339 3528 ingenio
358 3478 453 3514 severo
467 3470 495 3514 et
512 3478 619 3516 moroso
632 3463 812 3529 repetendam
825 3463 951 3513 arbitror.
981 3463 1092 3512 minime

100 3528 254 3580 eredibilia
273 3529 404 3581 ridentur
421 3545 491 3595 quae
510 3530 545 3582 ds
564 3531 717 3582 Choerinae
735 3529 851 3596 pertidia
871 3535 899 3580 et
916 3529 1093 3593 impudicitia

99 3599 217 3648 veteres
236 3598 382 3648 commenti
400 3603 473 3648 sunt.
