2517 3934
145 223 194 276 DE
212 221 404 277 contentus
422 224 634 276 EVRIPIDEIS
651 223 699 276 ΕΤ
715 223 952 278 nmmomtnvs
989 223 1054 278 m

146 423 193 486 llE
216 425 405 488 contcmvs
426 425 639 490 EVRIPIDEIS
661 427 712 488 ΕΤ
732 426 979 489 EDITIONIBVS.

135 540 253 603 Codices
274 542 428 623 Euripidei
449 541 534 604 nobis
561 544 685 621 cogniti,
708 560 835 622 quorum
858 544 958 605 nullus
977 543 1056 606 ultra

79 626 276 687 duodecimum
299 625 449 688 saeculum
472 627 614 696 ascendit,
638 645 655 687 o
676 626 752 688 libro
772 627 921 689 duxerunt
942 630 1056 689 recenti

79 717 157 790 atque
183 713 312 788 graviter
338 711 496 791 depravato
524 717 554 772 ct
580 710 774 791 interpolato,
803 712 884 774 unde
911 713 941 772 in
973 714 1057 772 vitiis

79 793 202 872 plurimis
234 811 336 856 omnes
368 795 571 857 consentiunt:
609 794 662 856 sed
696 796 883 872 aliquatenus
916 799 996 856 inter
1022 813 1057 855 se

79 877 221 948 differunt,
248 881 290 939 ita
312 879 430 957 quidem
461 887 494 939 ut
515 877 692 940 melioribus
719 879 858 941 subsidiis
886 886 1003 941 utamur
1024 881 1056 939 in

78 961 131 1022 tte.
151 962 239 1023 Andr.
262 961 335 1024 Hec.
359 963 447 1041 Hipp.
470 961 546 1023 bled.
570 962 620 1027 Or.
642 963 732 1024 libes.
756 963 825 1024 Tro.
848 963 975 1033 Phoen,
1006 981 1054 1023 cc·

79 1047 143 1106 teris
168 1045 270 1106 decem
302 1048 334 1106 in
361 1046 470 1107 fabulis
498 1063 557 1106 non
586 1046 748 1108 habeamus
775 1049 832 1108 nisi
862 1048 1057 1127 paucissimos

78 1127 163 1190 libros
185 1148 295 1210 eosque
317 1129 475 1191 deterioris
499 1139 595 1190 notae.
639 1148 715 1209 quae
737 1130 839 1192 decem
861 1130 978 1192 labulao
999 1133 1055 1192 ini·

79 1215 201 1292 quiorem
236 1221 349 1275 sortem
384 1223 524 1294 expertae
551 1214 628 1292 quod
659 1214 778 1274 omnino
804 1221 993 1284 manserunt,
1022 1232 1056 1277 ea

79 1295 222 1374 singularis
250 1304 298 1359 est
330 1297 473 1365 felicitas,
504 1297 745 1377 quandoquidem
780 1304 930 1358 coarctato
963 1298 1058 1375 magis

78 1384 219 1462 magisque
246 1380 415 1442 studiorum
443 1381 516 1441 orbe
536 1387 599 1442 tres
626 1390 741 1442 tantum
763 1381 915 1461 Euripidis
940 1387 1057 1458 tragoe-

80 1463 134 1525 dias
154 1465 286 1542 cognitas
307 1465 412 1526 hahuit
433 1466 592 1543 Byzantina
616 1466 785 1539 barbaries,
807 1464 959 1527 Hecubam
982 1463 1058 1525 Orc·

79 1555 144 1608 stem
166 1549 354 1610 Phoenissas.
399 1549 476 1610 hanc
497 1549 645 1627 trilogiam
669 1550 821 1628 Byzantini
847 1549 983 1610 homines
1005 1549 1057 1609 ad·

78 1634 170 1694 mirati
190 1642 275 1714 sunt,
304 1633 375 1695 hine
398 1632 517 1693 dicendi
544 1635 624 1709 leges
646 1636 863 1713 repetiverunt,
887 1634 991 1694 harum
1015 1634 1058 1693 ia·

79 1714 203 1777 bolarum
226 1717 357 1778 llosculis
380 1720 542 1778 orationem
564 1716 772 1785 distinxerunt.
795 1719 849 1778 has
869 1720 1056 1796 interpretati

79 1809 140 1860 sunt
154 1809 183 1861 el
203 1804 283 1864 sicut
303 1807 441 1880 poterant
462 1801 665 1871 emendarunt,
690 1801 778 1861 modo
801 1802 960 1862 emendare
974 1807 1059 1860 recte

79 1882 183 1946 dicatur
204 1888 256 1964 qui
280 1903 340 1945 non
362 1887 525 1946 restituerit
547 1887 700 1965 scriptoris
721 1904 840 1946 manum
862 1885 914 1947 sed
938 1883 1058 1945 oblitte-

78 1969 152 2028 rarit.
195 1969 329 2030 eiusdem
365 1967 501 2046 trilogiao
537 1986 617 2030 nunc
653 1976 816 2047 supersunt
852 1968 988 2047 exempla
1025 1974 1058 2028 ut

79 2048 195 2126 plurima
218 2055 261 2115 ita
284 2054 413 2131 pessima
436 2061 466 2112 et
487 2053 627 2131 prudenti
649 2054 755 2114 critico
777 2052 987 2114 abominanda:
1010 2053 1060 2111 in·

79 2141 119 2194 ter
133 2152 232 2196 omnes
256 2137 336 2196 enirn
351 2134 468 2196 codices
483 2143 627 2215 quotquot
642 2136 747 2196 harum
763 2136 929 2197 fabularum
953 2134 1059 2196 orbem

79 2233 131 2278 non
160 2219 323 2289 excedunt,
352 2221 400 2280 rix
429 2221 486 2281 erit
511 2223 560 2281 cui
589 2220 816 2301 Byzantinorum
848 2222 1059 2295 magistrorum

79 2305 218 2364 temeritas
241 2311 272 2363 et
299 2302 418 2365 licentia
446 2305 625 2382 pepercerit.
670 2304 802 2382 singulos
830 2304 979 2384 Euripidis
1007 2321 1058 2364 eo-

80 2383 153 2447 dices
178 2389 396 2466 circumspecto
424 2387 532 2448 iudicio
560 2388 595 2449 ad
623 2387 731 2450 classes
758 2407 828 2450 suas
855 2389 1004 2449 revocarit
1024 2388 1059 2447 Α.

79 2465 270 2531 llirchhoillus
290 2473 321 2530 in
343 2473 456 2532 maiore
471 2471 622 2550 Euripidis
644 2472 784 2543 editione,
808 2488 867 2549 quo
889 2472 965 2533 ducc
987 2469 1059 2533 suh·

79 2552 145 2614 sidia
165 2562 268 2616 nostra
292 2558 393 2633 paucis
414 2556 618 2616 indicabimus.

134 2638 273 2781 ilheliores
294 2638 371 2709 libri,
387 2641 439 2724 qui
460 2657 564 2701 novem
581 2639 800 2718 tragoediarum
815 2638 887 2698 orbe
902 2640 1059 2699 continen-

79 2723 130 2790 tur,
170 2723 281 2784 isunt.

134 2803 272 2866 hcodex
298 2806 465 2868 Marcianus
490 2809 552 2867 471
584 2804 829 2867 membranaceus
857 2804 967 2866 saeculi
995 2802 1060 2874 ΧΗ,

79 2891 262 2963 superstitum
284 2888 428 2952 librorum
452 2891 734 2969 praestantissimus,
758 2891 891 2950 eontinet
910 2889 982 2950 Hoc.
1006 2888 1059 2950 Or.

78 2966 179 3031 Phoen.
202 2973 294 3033 Andr.
316 2973 466 3054 Hippolyti
491 2976 649 3035 1-1234
671 2991 739 3034 cum
761 2972 880 3034 scholiis
907 2975 1060 3051 margina-

78 3049 149 3114 libus
170 3062 201 3117 et
222 3057 330 3134 glossis
352 3056 603 3120 interlinearibus.

133 3138 273 3201 Bcodex
295 3139 452 3203 Vaticanus
482 3145 542 3203 909
571 3140 765 3218 bombycinus
793 3139 903 3200 saeculi
931 3139 984 3200 ΧΠ
1013 3137 1059 3200 vel

78 3215 151 3292 lllll,
180 3225 312 3284 continet
338 3225 409 3287 llec.
439 3224 489 3286 Or.
521 3224 634 3286 Placen.
663 3224 738 3284 Med.
769 3224 857 3303 Hipp.
880 3223 943 3283 Alc.
964 3223 1059 3284 Andr.

79 3301 141 3366 lro.
164 3306 296 3369 Rhesum
324 3327 392 3370 cum
420 3308 541 3370 scholiis
569 3316 599 3368 et
627 3309 741 3384 glossis.
785 3307 876 3368 Rhesi
904 3323 974 3384 pars
1004 3325 1060 3367 ex-

78 3392 164 3448 trema
188 3392 259 3470 (899
275 3393 349 3472 sqq.)
373 3396 403 3454 in
426 3393 483 3454 hoc
504 3391 581 3453 libro
604 3409 684 3452 nunc
707 3391 902 3460 desideratur,
927 3390 1058 3451 nondum

78 3468 173 3614 ξεῖναι
194 3493 253 3554 qno
268 3485 403 3556 tempore
426 3477 627 3558 apographum
644 3475 713 3536 libri
736 3475 914 3544 factumest,
937 3471 976 3535 13²
997 3475 1060 3535 sive

98 3559 220 3620 aatinus
242 3563 292 3622 98.
