2517 3934
552 188 716 248 BAKXAI
1059 187 1118 252 115

233 360 271 428 τό
286 357 438 448 πρόσθεν
452 357 659 446 ἐσφάλλοντο
673 355 757 447 πρὸς
771 374 872 446 γαῖαν
885 362 996 448 δέμας,

232 461 371 550 μυριάσι
384 466 508 548 χειρῶν
521 456 681 548 ἀγόμενοι
695 465 873 530 νεανίδων.
1068 476 1119 532 74⁵

232 571 364 632 θᾶσσον
380 562 418 630 δὲ
432 566 655 651 διεφοροῦντο
669 559 792 651 σαρκός
805 560 929 632 ἐνδυτὰ

231 660 253 754 ἦ
280 667 316 736 σε
333 667 476 749 ξυνάψαι
501 666 654 754 βλέφαρα
668 670 851 752 βασιλείοις
865 664 990 753 κόραις.

230 773 378 858 χωροῦσι
393 763 425 834 δ’
442 762 515 835 ὥστ’
532 762 669 854 όρνιθες
683 762 839 854 ἀρθεῖσαι
852 766 967 859 δρόμφ

232 875 359 940 πεδίων
373 863 569 954 ὑποτάσεις,
584 877 622 937 αἲ
637 864 711 957 παρ’
724 865 877 938 Ἀσωποῦ
893 871 985 958 βοαῖς

232 970 404 1061 εὔκαρπον
419 968 618 1058 ἐκβάλλουσι
635 978 794 1058 Θηβαίων
811 970 947 1058 στάχυν,
1068 985 1120 1042 750

225 1072 333 1152 Ὑσιάς
347 1067 372 1140 τ’
385 1067 549 1160 Ἐρυθράς
563 1069 607 1159 θ’,
623 1079 660 1140 αἳ
674 1079 889 1159 Κιθαιρῶνος
904 1075 1004 1152 λέπας

231 1179 357 1264 νέρθεν
370 1173 610 1264 κατῳκήκασιν,
627 1171 712 1243 όόστε
726 1176 877 1262 πολέμιοι

230 1281 485 1347 ἐπεισπεσοῦσαι
500 1273 591 1344 πάντ’
608 1272 679 1344 άνω
692 1303 728 1345 τε
744 1278 801 1345 καὶ
814 1275 902 1344 κάτω

233 1382 408 1468 διέφερον
433 1373 635 1465 ἥρπαζονὲ
594 1406 617 1465 μ
635 1407 657 1447 ν
671 1381 708 1447 ἐκ
722 1377 836 1503 δόμων
849 1379 960 1463 τέκνα,

196 1476 417 1621 tandm*
400 1475 448 1548 επ’
465 1476 566 1568 ι’ίμοις
580 1487 720 1566 ἔθεσαν,
735 1507 777 1548 ου
766 1475 991 1583 ’δεσμῶν”
938 1505 1006 1548 υπο
1066 1495 1118 1551 755

171 1538 185 1650 (
232 1578 411 1708 προσείχετ’
428 1577 503 1649 οὐδ’
522 1587 706 1650 ἔπιπτενί
674 1609 689 1650 ε
703 1612 720 1662 ς
733 1586 837 1668 μέλαν
855 1584 970 1669 πέδον,

233 1713 274 1754 ου
263 1683 418 1773 ’χαλκός,
433 1709 474 1752 ον
463 1679 640 1772 ”σίδηρος
661 1686 715 1753 πὶ
729 1684 767 1752 δ
779 1684 976 1772 βοστρύχοις

232 1795 300 1875 πῦρ
315 1793 453 1914 ἔφερον,
469 1782 544 1854 οὐδ’
561 1793 684 1855 ἔκαιεν.
704 1813 736 1854 οι
721 1781 817 1854 δ”
801 1793 975 1882 οργῆς
918 1781 985 1854 ὕπο

182 1897 273 2013 χρ
232 1896 278 1969 εἰς
292 1885 394 1957 ὅπλ’
378 1887 526 1976 εχοόρονν
541 1887 722 2012 φερόμενοι
736 1894 877 1974 Βακχῶν
890 1909 974 1956 υπο·

231 1981 336 2078 οὗπερ
350 2017 387 2058 το
376 1980 554 2058 ”δεινὸν
532 2017 575 2077 ην
588 1986 684 2077 θέαμ’
701 1996 798 2075 ίδεῖν,
813 1975 943 2070 ἅναξ
1065 2002 1118 2059 760

233 2107 301 2172 τοῖς
312 2089 427 2180 μὲν
390 2119 453 2180 γαρ
468 2088 530 2178 οὐχ
543 2087 671 2180 ᾕμασσε
686 2089 854 2179 λογχωτὸν
868 2092 974 2177 βέλος,

231 2210 338 2264 κεῖναι
353 2194 391 2263 δὲ
404 2193 558 2281 θύρσους
572 2197 751 2275 ἐξανιεῖσαι
767 2199 876 2281 χερῶν

231 2296 468 2384 ἐτραυμάτιζον
483 2292 709 2379 κάπενώτιζον
727 2303 820 2384 φυγῇ

232 2414 388 2485 γυναῖκες
405 2394 540 2486 ἄνδρας,
556 2395 618 2466 οὐκ
634 2395 717 2466 ἄνευ
731 2403 825 2466 θεῶν
841 2422 939 2473 τινος.

234 2497 382 2569 πόλινδ’
400 2498 548 2587 ἐχώρουν
562 2496 647 2568 ὅθεν
661 2503 820 2586 ἐκίνησαν
839 2496 937 2581 πόδα,
1065 2507 1116 2563 765

233 2603 357 2690 κρήνας
371 2598 418 2670 ἐπ’
434 2597 537 2680 αὐτὰς
552 2597 591 2681 όίς
606 2598 698 2689 ἀνῆκ’
716 2599 832 2680 αὐταῖς
846 2596 935 2676 θεός.

231 2711 373 2786 νίψαντο
391 2701 421 2770 δ’
434 2699 530 2790 αἷμα,
546 2703 691 2791 σταχόνα
708 2700 740 2771 δ’
757 2705 793 2770 ἐκ
808 2704 983 2789 παρηίδων

232 2805 364 2894 χλοίσσχ
378 2805 558 2894 δράκοντες
572 2808 815 2893 ἐξεφαίδρυνον
829 2801 935 2889 χροός.

232 2906 292 2976 τὸν
305 2904 432 2995 δαίμον’
450 2898 514 2976 οὖν
528 2904 622 2976 τόνδ’
640 2904 730 2987 ὅστις
744 2902 819 2990 ἔστ’,
835 2894 862 2973 τό
876 2906 1031 2988 δέσποτα,

232 3012 332 3096 δέχου
346 3009 441 3078 πόλει
455 3006 543 3098 τῇδ’,
560 3005 604 3089 ὡς
617 3010 658 3077 τά
671 3006 695 3077 τ’
712 3005 779 3077 ἄλλ’
797 3009 887 3076 ἐστὶν
900 3008 1013 3094 μέγας,
1066 3018 1118 3075 770

231 3108 366 3180 κάκεϊνό
383 3131 488 3200 φασιν
502 3107 617 3198 αὐτόν,
632 3108 676 3191 ὡς
691 3109 755 3198 ἐγὼ
770 3109 873 3197 κλύοι,

231 3212 292 3300 τὴν
306 3221 520 3283 παυσίλυπον
534 3209 684 3301 άμπελον
698 3218 817 3282 δοῦναι
831 3219 972 3300 βροτοῖς.

131 3351 135 3357 ·
231 3325 326 3385 οίνου
340 3315 378 3384 δὲ
390 3312 499 3403 μηκέτ’
517 3311 613 3395 ὄντος
628 3311 692 3383 οὐκ
707 3321 797 3382 ἔστιν
811 3312 945 3401 Κάπρος

233 3413 298 3486 οὐδ
302 3413 313 3440 ’
331 3414 412 3486 ἄλλο
426 3415 572 3506 τερπνόν
586 3414 690 3486 οὐδὲν
705 3413 901 3504 ἀνθρώποις
916 3420 974 3482 ἔτι.

115 3528 184 3589 XO.
228 3526 341 3607 ταρβῶ
355 3518 418 3606 μὲν
431 3524 539 3588 εἰπεῖν
553 3517 633 3598 τούς
647 3517 769 3609 λόγους
783 3517 985 3648 ἐλευθέρρυς
1067 3523 1118 3579 775

902 3611 923 3667 S
