2517 3934
200 205 289 258 XLIV
322 206 373 256 DE
391 203 589 258 00D10113vs
607 203 819 257 EVRIPIDEIS
835 204 884 256 ΕΤ
900 204 1137 259 EDITIONIBVS

200 364 286 418 cento
308 357 364 418 istc
386 374 446 417 non
469 357 670 436 spernendum
691 354 816 435 praehet
835 355 1009 426 subsidium,
1032 360 1141 418 ceteris
1155 360 1189 419 io

200 439 305 502 fabulis
327 443 453 503 minoris
475 447 520 501 est
542 437 686 519 prediti).

264 523 381 587 Scholia
396 525 564 605 Euripiden,
588 542 663 603 quac
683 525 791 603 partim
806 523 1072 586 Alexandrinorum
1086 541 1187 602 gram·

201 610 375 672 maticorum
403 610 568 670 doctrinam
599 608 747 676 referunt,
776 610 883 687 partim
911 608 1045 670 futilibus
1073 617 1189 670 scatent

199 694 430 773 Byzantinorum
462 693 615 753 hominum
644 694 837 759 commentis,
872 709 942 753 cum
970 692 1020 756 diu
1053 692 1188 770 neglecte

200 778 372 846 iacuissem,
396 775 515 838 tandem
539 794 574 836 cx
602 775 756 836 codicibus
778 776 897 855 optimis
925 784 1010 836 aucta
1033 785 1063 836 ct
1085 794 1187 838 emen·

200 861 267 921 data
289 868 359 922 suot
380 879 396 920 a
419 861 453 922 G.
469 859 627 928 biodorlm,
652 861 734 919 cuius
756 860 847 919 editio
868 867 1007 939 quattuor
1030 859 1188 922 volumini-

201 944 256 1004 bus
284 942 497 1023 comprehcnsa
525 943 637 1022 prodiit
664 944 769 1003 Oxonii
797 962 824 1004 a.
850 946 940 1004 1863.
977 943 1148 1020 tragoedias
1171 965 1189 1005 a

200 1026 369 1106 Byzantinis
397 1026 556 1097 lectitatas,
587 1026 657 1086 Hoc.
683 1025 731 1087 Or.
754 1026 882 1096 Phoco„
905 1026 1085 1088 scholiorum
1107 1028 1188 1089 molo

199 1129 294 1190 paene
316 1111 435 1173 obrutas
457 1111 615 1171 habemus:
645 1110 682 1170 de
704 1109 802 1170 Rheso
825 1118 854 1170 et
875 1109 1043 1172 Troadibus
1064 1120 1187 1174 annota-

200 1196 295 1256 tiones
316 1204 474 1275 supersunt
489 1195 586 1264 exiles,
611 1194 663 1255 sed
678 1196 806 1273 optimae
828 1195 920 1273 frugis
940 1194 1059 1271 plenae:
1083 1195 1189 1257 decem

199 1278 315 1360 fabulae
338 1299 390 1342 eae
405 1298 480 1360 quae
503 1278 656 1340 codicibus
677 1280 708 1338 B
729 1286 758 1338 et
781 1277 979 1349 odelonem,
1003 1290 1187 1340 commenta-

198 1367 312 1424 riorum
328 1364 396 1425 dote
418 1382 500 1425 nunc
515 1363 672 1424 destitutae
694 1368 772 1422 sunt.
796 1361 833 1421 66
855 1361 1038 1422 scholiorum
1053 1371 1188 1424 veterum

199 1447 430 1525 Euripideorum
459 1447 591 1507 lontibus
618 1445 703 1506 docte
731 1454 761 1507 et
789 1445 945 1524 diligenter
967 1447 1109 1507 disseruit
1131 1447 1187 1508 'l¹h.

199 1529 378 1591 bartholdus
398 1533 429 1590 16
444 1530 653 1591 dissertatione
669 1530 818 1590 Bonneusi
839 1549 864 1590 a.
883 1531 973 1600 1864,
996 1537 1085 1606 atque
1106 1531 1188 1592 idem

200 1615 236 1675 ad
266 1613 450 1674 emendanda
477 1621 582 1694 poetae
610 1613 699 1674 verba
726 1612 908 1674 scholiorum
930 1622 1063 1675 veterum
1095 1617 1189 1677 inter·

199 1698 413 1778 pretationibus
435 1715 577 1778 prospero
599 1715 667 1758 cum
689 1715 828 1758 successu
850 1717 922 1759 usus
944 1706 997 1758 est.

262 1782 414 1842 Editiones
439 1781 613 1860 Euripideas
640 1783 782 1842 continuo
809 1782 913 1842 ordino
940 1799 1120 1842 enumerare
1151 1783 1189 1844 ab

199 1868 333 1927 instituto
356 1874 458 1927 nostro
480 1866 607 1926 alienum
631 1872 686 1925 est.
730 1883 803 1945 quos
825 1867 876 1944 qui
898 1883 1080 1943 cognoscere
1102 1870 1188 1945 cupi-

201 1952 286 2021 erint,
308 1949 500 2011 Hoiimannos
522 1947 677 2010 consulant
699 1956 729 2009 et
749 1948 979 2024 Engclmannos.
1022 1949 1097 2008 mihi
1117 1967 1188 2027 gra·

199 2036 332 2096 vissimas
364 2034 509 2095 editiones
542 2033 692 2094 indicasse
724 2040 754 2093 et
781 2033 869 2094 huius
896 2051 1005 2112 operae
1037 2034 1188 2095 rationem

199 2119 366 2179 reddidisse
388 2118 525 2181 sufficiet.
570 2118 710 2195 princeps
734 2116 822 2176 editio
850 2125 991 2196 quattuor
1017 2118 1189 2195 tragoedia·

200 2221 281 2272 rum,
308 2203 430 2263 Medeae
454 2199 603 2281 Hippolyti
625 2200 781 2262 Alcestidis
807 2200 1044 2269 Andromachae,
1074 2202 1189 2280 prodiit

201 2284 329 2347 Florent.
352 2286 430 2346 circa
453 2303 477 2344 a.
504 2287 599 2351 1496,
629 2302 716 2363 quam
739 2286 790 2362 qui
811 2303 932 2346 curasse
954 2285 1061 2346 dicitur
1083 2285 1106 2347 l.
1129 2287 1187 2346 La·

199 2371 292 2430 scaris
312 2371 518 2430 recentissimo
545 2368 649 2429 codice
671 2387 741 2429 usus
763 2378 822 2438 est,
845 2369 979 2430 Parisino
1002 2372 1093 2438 2888,
1116 2369 1186 2430 Flo·

199 2453 310 2514 reotini
331 2452 442 2512 codicis
464 2453 488 2512 O
508 2452 687 2531 apographo.
730 2461 831 2514 secuta
861 2461 906 2514 est
925 2472 953 2513 a.
978 2456 1057 2515 1503
1080 2452 1187 2514 Aldina

199 2535 365 2597 fabularum
379 2535 470 2598 XVlll
492 2535 591 2606 editio,
614 2552 702 2613 quam
725 2539 777 2616 qui
799 2533 968 2616 ceraunii),
991 2544 1052 2598 tres
1073 2539 1188 2615 primas

198 2619 322 2690 fabulas,
345 2621 414 2681 Hec.
439 2619 489 2681 Or.
514 2620 635 2690 Phoen„
659 2639 676 2681 6
697 2620 859 2700 Byzantion
881 2620 959 2682 libro
981 2623 1110 2700 repetiit,
1133 2640 1187 2680 co·

199 2706 264 2766 dice
291 2707 322 2766 B
351 2709 438 2766 nixus
469 2713 515 2765 est
547 2707 578 2766 in
606 2703 668 2766 Alc.
696 2704 787 2765 Andr.
822 2704 928 2766 Bacch.
964 2703 1065 2785 Suppl.
1094 2704 1183 2784 llipp.

198 2788 262 2866 lph.
284 2791 317 2850 Α.
341 2788 404 2866 lph.
427 2789 460 2849 T.
485 2789 561 2849 Med.
583 2788 672 2850 Rhes.
695 2787 781 2857 Tro,
811 2789 938 2867 denique
961 2808 977 2849 6
1005 2789 1109 2849 666166
1129 2790 1185 2849 Ρ6-

198 2872 290 2931 risino
318 2876 416 2940 2817,
451 2871 615 2932 Florentioi
643 2874 667 2933 0
693 2872 878 2951 apographo,
908 2873 1092 2952 deprompsit
1118 2872 1183 2933 Hel.

198 2953 315 3015 Heracl.
339 2954 426 3015 Herc.
450 2953 482 3016 F.
506 2953 567 3015 loo.
594 2955 672 3034 cycl.
716 2957 834 3032 ignorat
855 2955 960 3017 Aldina
987 2955 1077 3018 editio
1100 2956 1184 3019 6166-

266 3152 311 3218 94)
328 3155 422 3219 Digna
440 3156 484 3203 est
502 3168 573 3218 quac
591 3154 750 3206 conferatur
762 3170 796 3206 66
808 3154 841 3206 66
857 3172 887 3207 ro
904 3154 1119 3222 diligentissimo
1131 3157 1187 3210 616-

201 3222 309 3288 putatio
327 3221 360 3272 A.
379 3221 524 3284 Doeringii
548 3221 623 3271 edita
645 3222 676 3272 16
697 3221 796 3276 Ρ61161.
819 3219 874 3274 vol.
893 3225 928 3275 28
944 3240 972 3289 p.
991 3225 1135 3275 cai-591
1159 3230 1188 3275 et

200 3289 310 3418 ν018255)
323 3288 555 3407 ᾗιιῖἶέῗηῖῗτο
582 3354 678 3406 deberi
705 3354 853 3407 editionem
874 3356 1003 3408 Aldinom
1025 3358 1188 3422 suspicatus

200 3426 243 3475 est
261 3421 461 3473 Kirchhoifinsr
485 3421 615 3473 dissentit
638 3423 686 3486 qui
707 3438 793 3489 nuper
811 3423 846 3474 66
863 3423 901 3475 Μ.
919 3425 1026 3475 Masuri
1043 3423 1189 3477 Cretensis

198 3492 258 3610 bbtla
268 3489 705 3622 617661116Ρ16ξ368136166666111166,
715 3490 813 3556 Menige
823 3493 853 3541 in
862 3491 1052 3542 M.Schmidtii
1060 3493 1187 3559 Hesych.
