2517 3934
184 176 247 241 310
545 182 819 241 HPAKAEIAAI

185 359 207 420 Ι
207 359 245 419 0.
299 344 374 419 ἀλλ’
392 338 456 418 οὖν
469 338 640 438 μαχοῦμαί
650 348 685 438 γ’
700 346 850 437 ἀριθμὸν
863 346 926 419 οὐκ
940 349 1107 420 ἐλόσσοσι.

186 460 254 521 ΘΕ.
297 447 441 542 σμικρὸν
455 449 492 521 τό
507 449 569 521 σὸν
583 452 722 539 σηκωμα
735 459 921 542 προστίθης
934 458 1059 541 φίλοις.
1141 469 1191 523 690

184 563 245 623 10.
298 553 344 642 μή
358 561 414 623 τοί
426 550 461 642 μ’
478 562 578 643 ἔρυκε
593 561 680 642 δρᾶν
694 556 1021 644 παρεσκευασμένον.

185 665 253 725 ΘΕ.
299 662 385 743 δρᾶν
397 656 460 745 μὲν
474 656 518 725 σό
532 653 565 743 γ’
582 653 645 743 οὐχ
658 652 728 737 οἷός
741 684 794 744 τε,
809 658 997 745 βούλεσθαι
1012 652 1047 727 δ’
1069 666 1160 738 ἴσως.

183 767 245 829 ΙΟ.
300 755 345 839 ὡς
358 756 403 846 μὴ
418 765 586 846 μενοῦντα
599 755 705 828 τᾶλλα
718 782 772 829 σοι
786 763 898 847 λέγειν
912 759 1013 850 πάρα.

185 869 254 930 ΘΕ.
299 868 369 939 πῶς
383 852 447 930 οὖν
461 857 597 949 ὁπλίτης
611 863 758 947 τευχέων
772 858 850 948 ἄτερ
866 877 987 950 φανείς

187 972 245 1032 ΙΟ.
299 958 367 1033 ἔστ’
384 966 421 1031 ἐν
436 962 588 1050 δόμοισιν
603 968 704 1032 ἔνδον
717 961 905 1052 αἰχμάλωθ’
922 960 1025 1033 ὅπλα·
1145 978 1195 1034 695

300 1061 406 1135 τοῖσδ’
424 1056 500 1134 οὖσι
513 1066 730 1154 χρησόμεσθα
742 1064 986 1156 κᾶποδοόσομεν

300 1174 437 1251 ζῶντες·
452 1167 621 1249 θανόντας
634 1163 668 1237 δ’
684 1166 749 1237 οὐκ
763 1166 936 1258 ἀπαιτήσει
950 1164 1042 1248 θεός.

300 1264 368 1339 ἄλλ’
389 1267 492 1338 εἴσιθ’
512 1280 590 1339 είσω
604 1267 692 1339 κᾶπδ
708 1272 890 1341 πασσάλων
905 1269 992 1341 ἑλὼν

300 1369 404 1459 ἕνεχχ’
421 1368 562 1459 ὁπλίτην
574 1373 702 1461 κόσμον
716 1370 761 1455 ὡς
773 1373 908 1461 τάχιστά
921 1400 989 1461 μοι.

300 1471 439 1561 αἰσχρὸν
453 1471 517 1565 γὰρ
533 1474 721 1563 οίαοόρημα
734 1482 885 1564 γίγνεται
898 1476 987 1562 τόδε,
1146 1489 1198 1544 700

299 1574 380 1655 τοὺς
393 1574 456 1662 μὲν
468 1576 653 1664 μάχεσθαι,
672 1575 752 1657 τοὺς
765 1580 804 1648 δὲ
817 1584 927 1669 δειλίᾳ
940 1579 1067 1665 με’νειν.

185 1687 257 1747 ΧΟ.
298 1684 386 1765 λῆμα
399 1676 462 1764 μὲν
476 1675 571 1747 οόπω
586 1679 748 1767 στόρννσι
761 1680 880 1770 χρόνος

302 1778 339 1849 τὸ
354 1777 433 1866 σόν,
450 1776 525 1849 ἀλλ’
542 1777 625 1872 ἡβᾷ
640 1788 736 1869 σῶμα
750 1782 789 1852 δὲ
802 1788 967 1870 φροῦδον.

298 1888 335 1950 τί
345 1898 458 1961 πονεῖς
472 1880 580 1963 ἄλλως
593 1879 615 1951 δ’
629 1884 667 1952 σὲ
680 1883 888 1972 μὲνβλόψει,

301 1982 425 2072 σμικρὰ
439 1982 472 2054 δ’
490 1982 605 2074 ὀνήσει
619 1986 720 2055 πόλιν
733 1982 915 2074 ἡμετέραν;
1147 1999 1201 2054 7⁰5

301 2087 388 2172 χρῆν
406 2102 632 2171 γνωσιμαχεῖν
650 2088 715 2174 σὴν
733 2087 879 2176 ἡλικίαν,

300 2185 340 2256 τὰ
355 2185 386 2255 δ’
404 2185 547 2278 ἆμήχαν’
564 2193 641 2260 ἐᾶν·
657 2187 721 2258 οότι
736 2197 827 2260 ἔστιν
841 2185 932 2271 ὅπως

300 2285 389 2378 ἥβην
403 2292 517 2379 κτήσει
531 2292 634 2361 πόλιν
648 2282 761 2372 αὖθις.

186 2398 258 2459 ΑΛ.
299 2399 335 2460 τί
346 2399 455 2481 χρῆμα
468 2396 600 2481 μέλλεις
612 2400 685 2463 σῶν
698 2421 837 2483 φρενιτν
849 2390 913 2462 οόιι
928 2398 1029 2463 ἔνδον
1043 2388 1095 2462 οἷν

301 2502 412 2563 λιπεῖν
424 2492 458 2582 μ’
476 2503 600 2584 ἔρημον
614 2493 681 2565 σόν
694 2501 851 2579 τίκνοισμ
866 2502 945 2579 τοῖς]
961 2499 1070 2582 ἐμοίςς
1150 2512 1206 2568 710

185 2600 207 2661 Ι
208 2601 246 2661 0.
300 2592 437 2686 ιἰνδρων
451 2594 515 2686 γὰρ
531 2594 632 2685 ἀλκή·
647 2600 702 2666 σοί
716 2599 754 2668 δὲ
767 2596 830 2688 χρὴ
845 2597 974 2667 τούτων
987 2600 1116 2684 με’λειν.

184 2702 257 2764 ΑΛ.
300 2705 336 2765 τί
347 2694 379 2766 δ’
391 2730 400 2781 3
414 2693 458 2787 ἦν
472 2699 581 2789 θοίνης
595 2698 655 2785 σό,
670 2707 740 2780 πῶς
755 2697 820 2787 ἐμω
835 2699 1049 2787 σωθήσομαι;

185 2805 246 2866 10.
300 2799 419 2881 παιδὸς
432 2803 569 2889 μελήσει
583 2803 678 2871 παισὶ
692 2816 761 2883 τοίς
775 2804 1011 2889 λελειμμένοις.

184 2906 257 2969 ΑΛ.
299 2895 343 2988 ἢν
358 2899 392 2970 δ’
408 2895 488 2989 οὖν,
504 2900 582 2991 δμὴ
597 2906 744 2993 γίνοιτο,
759 2904 948 2992 χρήσωνται
961 2902 1064 2991 τύχης

185 3009 246 3070 ΙΟ.
301 3000 367 3071 οἵδ’
384 3001 426 3073 οὐ
441 3007 679 3093 προδώσονσίν
692 3028 749 3093 σε,
764 3003 809 3093 μὴ
824 3009 952 3095 τρέσης,
967 3008 1068 3087 ξίνοι.
1155 3025 1209 3080 715

184 3111 256 3172 ΑΛ.
300 3101 440 3175 τοσόνδε
453 3107 516 3195 γάρ
530 3136 582 3177 τοι
595 3108 739 3195 θόρσος,
756 3104 860 3177 οὐδὲν
874 3104 949 3177 ἄλλ’
965 3115 1039 3195 ἔχω.

185 3213 244 3274 ΙΟ.
297 3210 355 3276 καί
368 3210 452 3297 Ζηνὶ
466 3216 535 3278 των
548 3218 635 3297 σῶν,
650 3208 717 3281 οἷδ’
733 3210 816 3299 ἔχω’,
831 3212 925 3298 μέλει
939 3210 1064 3280 πόνων.

188 3313 256 3375 ΑΛ.
299 3318 383 3394 φεῦ·

255 3428 290 3509 χχ
300 3409 387 3492 Ζεδς
400 3416 432 3493 ἐξ
448 3416 531 3499 ἐμοῦ
544 3412 607 3499 μὲν
619 3410 683 3481 οὐκ
697 3410 875 3483 ἀκούσεται
888 3419 1015 3493 κακῶς·

263 3574 266 3583 ,
302 3518 334 3580 εί
346 3508 379 3580 δ’·
396 3498 486 3581 ἐστίν
501 3508 592 3593 ὅσιος
605 3511 707 3592 αὐτὸς
721 3513 813 3583 οἶδεν
827 3521 874 3595 είς
887 3517 954 3602 ἐμέ.
