2517 3934
486 184 692 244 ΙΚΕΤΙΔΕΣ

193 349 369 441 ζηλοῦνθ’,
384 352 431 423 ἶν’
448 351 554 425 αὑτὸν
566 356 746 444 χρημάτων
761 363 845 445 ἔρως
858 364 927 447 ἔχη,

193 451 278 524 τότ’
294 454 411 545 οίκτρὰ
423 456 503 538 τοῦς
512 456 558 546 μή
573 464 749 546 δυστυχεῖς
765 462 979 547 δεδορκέναι·

192 555 304 627 τόνδ’
321 555 511 646 ὑμνοποιὸν
524 558 627 641 αὐτὸς
640 557 684 630 ῦν
700 569 795 651 τίκτη
810 565 892 651 μέλη
1038 581 1090 635 180

191 666 352 748 χαίροντα
367 668 510 731 τίκτειν·
526 652 569 751 ήν
583 663 621 732 δὲ
634 662 679 752 μὴ
694 664 803 753 πύσχη
817 665 905 752 τόδε,

193 758 286 831 οῦτοι
300 761 433 832 δύναιτ’
451 760 495 835 ῦν
507 769 646 835 οἴκοθέν
660 763 693 854 γ’
711 764 878 855 ἀτώμενος

191 866 327 952 τέρπειν
341 861 384 935 ἂν
398 862 536 947 ἄλλους·
558 864 641 938 οῦδὲ
653 867 717 958 γὰρ
733 874 833 958 δίκην
847 876 936 957 ἔχει]

192 962 265 1053 τάχ’
282 957 346 1036 οῦν
360 963 404 1037 ῦν
419 979 543 1057 είποις,
557 978 732 1041 Πελοπίαν
745 974 862 1058 παρείς
876 972 987 1059 χθόνα

192 1075 262 1149 πῶς
279 1084 350 1149 ταῖς
360 1066 521 1160 Ἀθήναις
534 1074 634 1143 τόνδε
648 1073 867 1164 προστάσσεις
880 1074 1004 1160 πόνονς
1040 1092 1088 1147 185

192 1168 257 1259 έγῦ
273 1173 404 1253 δίκαιός
418 1172 483 1261 εἰμ’
502 1171 711 1263 ἀφηγεῖσθαι
724 1176 815 1246 τόδε.

190 1272 334 1362 Σπάρτη
345 1275 408 1362 μὲν
421 1273 495 1364 όμή
509 1280 566 1346 καί
580 1285 793 1348 πεποίκιλται
805 1278 961 1367 τρόπους,

191 1374 231 1444 τὰ
244 1372 277 1445 δ’
292 1374 376 1446 ἄλλα
392 1376 497 1468 μικρὰ
512 1376 681 1469 κάσθενῆ·
697 1381 794 1462 πόλις
809 1382 847 1451 δὲ
860 1380 902 1469 σή

190 1477 277 1566 μόνη
291 1478 424 1550 δύναιτ’
440 1477 484 1551 ἂν
496 1480 591 1553 τόνδ’
609 1479 798 1570 ὑποστῆναι
812 1483 929 1553 πόνον.

190 1581 242 1664 [τύ
254 1577 285 1651 τ’
301 1581 418 1672 οίκτρίι
432 1581 497 1673 γὰρ
512 1587 653 1675 δέδορκε
666 1588 724 1655 καί
737 1594 878 1656 νεανίαν
1038 1603 1087 1659 190

191 1690 258 1771 ἔχει
271 1684 309 1753 σὲ
322 1683 457 1773 ποιμέν’
473 1689 616 1757 έσθλόν·
632 1677 676 1759 ού
687 1696 785 1781 χρείᾳ
799 1688 913 1768 πόλεις

193 1789 314 1856 πολλαί
329 1786 486 1858 διώλοντ’
503 1795 630 1872 ἐνδεεῖς
644 1788 896 1880 στρατηλάτου]

138 1942 146 1956 .
188 1884 280 1977 κόιγῦ
294 1888 354 1959 τόν
369 1888 475 1961 αὑτὸν
490 1895 580 1985 τῷδέ
591 1917 645 1963 σοι
661 1894 762 1981 λόγον
776 1896 873 1980 λέγω,

190 1999 320 2080 Θησεῦ,
337 1990 384 2062 δι’
403 2004 519 2063 οίκτον
533 1995 592 2076 τὰς
605 1995 686 2084 ἐμὰς
699 2004 817 2084 λαβεῖν
830 1996 940 2083 τύχας.

194 2091 326 2164 ἄλλοισι
342 2094 384 2184 δή
397 2092 531 2185 ’πόνησ’
549 2094 747 2187 ἁμιλληθείς
760 2099 850 2190 λόγῳ
1036 2116 1085 2171 195

190 2194 317 2289 τοιῷδ’.
345 2201 436 2281 ἔλεξε
448 2200 513 2287 γάρ
527 2228 577 2280 τις
592 2198 636 2282 τός
651 2198 691 2268 τὰ
703 2208 840 2289 χείρονα

188 2307 293 2370 πλείω
307 2308 480 2389 βροτοῖσίν
493 2306 563 2372 έστι
575 2310 645 2372 τῶν
657 2299 861 2390 ἀμεινόνων·

190 2401 255 2490 έγιὺ
272 2408 292 2471 δ
294 2403 309 2472 ὲ
322 2403 453 2484 τούτοις
466 2400 586 2475 ἀντίαν
599 2404 739 2494 γνώμην
753 2413 816 2494 ἔχω

189 2513 303 2591 [πλείω
313 2506 352 2573 τὰ
360 2506 485 2593 χρηστὰ
500 2514 569 2577 τῶν
583 2514 698 2577 κακῶν
712 2507 798 2577 εἶναι
810 2516 959 2598 βροτοῖς·

190 2614 222 2675 εί
232 2605 278 2695 μή
292 2607 356 2696 γὰρ
371 2600 414 2696 ήν
427 2606 513 2697 τόδ’,
528 2607 592 2680 ούκ
606 2606 650 2679 ἂν
666 2609 755 2698 ήμην
766 2612 804 2677 έν
814 2609 916 2693 φύει1.
1032 2628 1082 2681 200

189 2715 274 2777 αίνῦ
290 2707 324 2778 δ’
344 2707 382 2791 ῦς
394 2707 475 2799 ήμῖν
488 2719 605 2800 βίοτον
619 2716 656 2782 έκ
673 2715 894 2803 πεφυρμένου

190 2815 246 2881 καλ
261 2811 455 2901 θηριιόδους
469 2822 564 2885 θεῶν
577 2816 858 2904 διεσταθμήσατο,
990 2818 995 2824 ’

189 2921 323 3004 πρῶτον
337 2916 399 3003 μὲν
413 2919 526 2997 ἐνθείς
541 2917 697 3005 σύνεσιν,
713 2917 782 2987 εἶτα
798 2913 831 2987 δ’
848 2915 993 3006 ῦγγελον

189 3023 345 3104 γλῶσσαν
360 3017 472 3105 λόγων
486 3016 584 3107 δούς,
601 3017 645 3101 ὥς
658 3027 879 3109 γεγωνίσκειν
893 3016 970 3107 ὅπα,

188 3118 320 3208 τροφήν
337 3148 373 3190 τε
385 3128 519 3210 καρποῦ
532 3128 573 3211 τῇ
586 3132 696 3213 τροφή
710 3120 734 3192 τ’
754 3120 812 3193 ἄπ’
829 3120 979 3210 ούρανοῦ
1030 3139 1081 3192 205

188 3221 352 3310 σταγόνας
365 3219 530 3311 ὑδρηλάς,
546 3221 591 3304 ὡς
603 3226 644 3294 τά
657 3223 691 3313 γ’
707 3228 743 3295 ἐκ
758 3232 855 3313 γαίας
867 3226 974 3315 τρέφῃ

188 3319 276 3414 ῦρδη
289 3352 326 3393 τε
338 3324 465 3414 νηδύν·
480 3324 564 3414 πρὸς
577 3327 616 3396 δὲ
630 3343 716 3397 τοῖσι
728 3334 880 3415 χείματος

188 3424 408 3516 προβλήματ’,
425 3426 548 3516 αἶθρον
561 3429 791 3517 ἐξαμύνασθαι
805 3436 902 3517 θεοῦ,

188 3527 316 3599 πόντου
329 3557 366 3599 τε
379 3528 646 3619 ναυστολήμαθ’,
662 3528 707 3613 ὥς
721 3530 902 3619 διαλλαγὰς
