2517 3934
192 201 258 267 386
596 202 804 259 ΙΚΕΤΙΔΕΣ

308 369 450 462 περισσά
464 378 607 460 φωνῶν
629 367 690 438 τὸν
703 367 770 493 γάρ
786 366 930 458 ἄγγελον
943 396 1054 491 χρεων

1155 490 1210 546 460

307 592 440 666 χωρεῖν.
469 574 507 646 τό
521 571 642 644 λοιπὸν
656 570 689 643 δ’
707 580 740 642 εί
738 572 853 662 ςέμὴν
866 574 966 644 πόλιν
979 575 1103 663 Κρέων

309 669 416 767 ήσσον
429 677 533 747 λάλον
545 697 609 746 σου
623 677 780 763 πεμπέτω
794 704 848 745 τιν
853 672 1034 764 ’ἄγγελον

193 788 265 853 XO.
306 787 374 869 φεύ
388 786 470 869 φεύ·
486 793 643 849 κακοῖσιν
657 774 702 857 ὥς
716 773 798 846 όταν
812 784 943 866 δαίμων
957 783 1043 870 διδῷ

307 890 434 970 καλῶς,
448 876 622 970 ύβρίζονσ’
640 876 684 959 ὥς
699 875 753 948 άελ
765 881 947 969 πράξοντες
961 870 1012 949 εύ.

193 992 269 1055 ΚΗ.
306 981 435 1072 λέγοιμ’
452 979 495 1053 άν
507 980 583 1071 ήδη.
616 989 686 1051 τοῖν
699 981 762 1069 μὲν
775 978 1019 1071 ἠγωνισμένων
1156 1000 1206 1054 465

308 1088 360 1155 σοὶ
375 1086 437 1175 μὲν
451 1091 591 1155 δοκείτω
605 1080 714 1171 ταῦτ’,
729 1085 802 1173 ἐμοὶ
815 1085 854 1155 δὲ
867 1082 996 1153 τάντία.

309 1187 375 1275 ἐγω
389 1185 424 1257 δ’
440 1185 583 1257 άπαυδοῖ
597 1194 663 1267 πᾶς
677 1213 712 1255 τε
729 1192 897 1275 Καδμεῖος
911 1184 995 1267 λεύς

299 1285 490 1376 Ἀδραστον
504 1296 551 1370 είς
564 1296 629 1377 γῆν
642 1286 743 1375 τήνδε
757 1287 802 1377 μή
816 1290 989 1377 παριέναι·

311 1388 387 1460 τίδ’
406 1396 498 1461 ἐστιν
513 1395 552 1461 ἐν
565 1398 627 1481 γῇ,
642 1392 724 1479 πρὶν
737 1398 824 1461 θεοῦ
838 1397 941 1460 δῦναι
954 1393 1064 1479 σέλας,

309 1492 459 1562 λύσαντα
472 1491 579 1581 σεμνά
591 1490 790 1580 στεμμάτων
804 1494 936 1581 ίκτήρια
1154 1509 1206 1564 470

308 1591 404 1682 τῆσδ’
423 1595 616 1678 ἐξελαύνειν
628 1591 709 1683 μηδ’
725 1590 940 1684 ἀναιρεῖσθαι
953 1594 1099 1683 νεκρούς

308 1703 384 1786 βία,
398 1702 569 1787 προσῆκόν
585 1693 618 1786 γ’
635 1694 739 1766 ούδδν
749 1694 911 1786 Ἀργείων
924 1696 1029 1765 πόλει.

308 1793 374 1867 κάν
386 1800 449 1887 μδν
462 1808 549 1890 πίθῃ
562 1827 636 1887 μοι,
651 1798 810 1887 κυμάτων
824 1796 903 1888 άτερ
919 1798 1020 1868 πόλιν

308 1899 372 1986 σήν
386 1901 639 1990 ναυστολήσεις·
655 1907 687 1970 εί
699 1902 737 1971 δὲ
752 1902 815 1990 μή,
830 1899 937 1982 πολύς
950 1902 1090 1971 κλύδων

308 1999 389 2091 ήμῖν
402 2030 439 2072 τε
452 2005 509 2072 καὶ
521 2005 577 2073 σοὶ
589 2003 772 2092 συμμάχοις
784 2002 816 2071 τ’
834 2010 925 2072 ἔσται
939 2004 1050 2093 δορός.
1153 2019 1206 2074 4⁷5

307 2107 428 2187 σκέψαι
443 2105 482 2175 δὲ
494 2108 551 2175 καὶ
564 2104 610 2193 μή
625 2120 694 2185 τοῖς
712 2108 802 2194 ἐμοῖς
817 2105 1035 2194 θυμούμενος

308 2207 476 2295 λόγοισιν,
493 2204 538 2287 ός
552 2206 595 2295 δή
609 2207 710 2276 πόλιν
724 2210 911 2295 ἐλευθέραν
927 2214 1024 2296 ἔχων,

308 2306 494 2397 σφριγῶντ’
511 2306 637 2398 ἀμείψῃ
650 2316 767 2397 μύθου
784 2313 821 2379 έκ
834 2309 1037 2399 βραχιόνων.
1254 2366 1255 2400 ,

311 2413 403 2492 ἐλπὶς
417 2420 550 2499 βροτοῖς
564 2412 740 2498 κάκιστον,
756 2408 916 2499 ήπολλάς
931 2411 1046 2493 πόλεις

310 2509 450 2600 συνῆψ’,
465 2510 595 2602 άγουσα
608 2512 725 2601 θυμὸν
739 2520 786 2594 είς
799 2511 1001 2603 ὑπερβολάς.

308 2610 469 2704 ὅτανγὰρ
484 2624 570 2705 ἔλθῃ
584 2616 729 2703 πόλεμος
744 2622 791 2696 είς
804 2624 921 2703 ψήφου
936 2615 1018 2703 λεύ,

309 2713 423 2798 ούδεὶς
438 2715 493 2787 ἔθ’
510 2714 617 2787 αύτού
630 2718 783 2787 θάνατον
797 2721 1011 2805 ἐκλογίζεται,

309 2848 346 2889 το
335 2819 525 2908 δυστυχὲς
539 2820 577 2889 δδ
591 2827 673 2889 τοῦτ
677 2816 735 2901 ’ἐς
749 2817 853 2890 άλλον
867 2822 1036 2909 ἐκτρέπει

310 2913 426 2990 είδ’
401 2951 447 3010 ῃν
461 2918 541 3011 παρ’
558 2919 648 3011 όμμα
664 2922 812 3002 θάνατος
826 2926 864 2990 ἐν
876 2922 997 3008 ψήφου
1012 2929 1116 3015 φορᾷ,
1246 2958 1248 3047 ῃ

307 3019 371 3091 ούκ
388 3021 430 3092 α”ν
447 3022 530 3094 ποθ’
543 3021 657 3105 Ελλάς
673 3022 856 3149 δοριμανὴς
869 3020 1060 3093 άπάλλυτο.
1155 3037 1247 3092 48⁵

310 3132 420 3195 καίτοι
436 3133 535 3197 δυοῖν
549 3155 588 3216 γε
602 3127 723 3207 πάντες
738 3124 916 3215 ανθρωποι
932 3126 1050 3214 λόγοιν

308 3226 369 3298 τὸν
382 3226 552 3318 κρείσσον’
569 3240 667 3317 λ’σμεν
680 3227 784 3298 καὶ
749 3258 790 3299 τα
804 3249 930 3317 χρηστα
918 3225 1001 3297 καὶ
1013 3227 1112 3316 κακά,

311 3326 380 3421 όσρι
393 3359 430 3400 τε
444 3332 592 3418 πολέμου
607 3346 764 3418 κρεῖσσον
779 3330 895 3417 είρήνῃ
909 3339 1061 3418 βροτοῖς·

310 3424 333 3513 ἣ
345 3440 460 3518 πρῶτα
472 3432 534 3518 μὲν
548 3432 723 3501 Μούσαισι
740 3432 1023 3521 προσφιλεστάτη,

310 3527 418 3612 γόοισι
433 3528 467 3600 δ’
483 3533 607 3620 ἐχθρά,
621 3536 776 3621 τέρπεται
791 3530 825 3602 δ’
842 3528 1013 3624 εύπαιδίςι,
1155 3545 1200 3601 4⁹⁰
