2517 3934
491 180 699 241 ΙΚΕΤΙΔΕΣ
1036 180 1105 245 399

207 346 356 437 ἆφευδλς
368 338 471 438 ἦθος,
487 346 741 440 εὐπροσήγορον
754 348 870 438 στόμα,

207 448 376 542 άιιραντον
391 447 494 521 οὐδὲν
508 449 582 522 οὔτ’
599 455 632 534 ἐς
647 453 776 533 οἰκέτας
789 452 896 538 λέγων
1049 470 1106 528 870

205 551 280 625 οὔτ’
298 561 345 634 είς
358 560 503 633 πολίτας.
538 551 599 623 τὸν
613 555 650 623 δὲ
665 552 826 641 δεύτερον
840 556 926 642 λέγω

203 652 391 742 Ἐτέοκλον,
406 652 512 743 άλλην
525 653 718 745 χρηστότητ’
735 653 918 744 ἠσκηκότα·

208 766 344 838 νεανίας
357 748 400 845 ἦν
413 764 460 848 τῷ
474 764 540 850 βίφ
553 757 615 845 μέν
629 757 755 845 ἐνδεής,

209 868 387 939 πλείστους
398 858 435 927 δὲ
445 864 541 946 τιμὰς
551 858 615 945 ἔσχ’
624 863 662 929 ἐν
672 857 805 950 Ἀργείη
818 866 930 945 χθονί.

207 969 320 1051 φίλων
335 962 373 1030 δὲ
386 959 514 1049 χρυσὸν
527 960 688 1041 πολλάκις
703 963 931 1049 δωρουμένων
1049 976 1104 1049 878

208 1060 272 1132 οὐκ
287 1058 466 1143 εἰσεδέξατ’
484 1061 579 1131 ολκον
593 1060 675 1133 οὐδὲ
687 1061 766 1143 τούς
780 1062 926 1151 τρόπους

164 1155 175 1290 Ι
183 1151 192 1277 λ
205 1164 356 1271 δούλους
371 1167 516 1252 παρέσχε
529 1166 708 1253 χρημάτων
722 1166 874 1251 ζευχθεὶς
890 1161 967 1272 Q.

209 1265 289 1347 τοὺς
306 1263 339 1335 δ’
355 1266 656 1356 ἐξαμαρτάνοντας,
671 1264 746 1353 οὐχί
759 1266 821 1353 τὴν
834 1266 933 1335 πόλιν

209 1364 364 1457 ἤχθαιρ’·
380 1371 456 1437 ἐπεί
465 1396 516 1438 τοι
529 1366 655 1438 κοδδὲν
668 1374 757 1437 αίτία
771 1367 868 1447 πόλις

208 1476 319 1550 κακῶς
332 1470 484 1539 κλύουσα
498 1469 555 1539 διά
569 1470 782 1559 κυβερνήτην
794 1469 910 1541 κακόν.
1046 1486 1103 1543 880

209 1568 274 1641 ὁδ’
290 1563 336 1641 αὖ
350 1578 461 1660 τρίτος
474 1570 574 1641 τῶνδ’
587 1569 793 1660 Ἱππομέδων
807 1567 934 1642 τοιόσδ’
951 1578 1034 1661 ἔφυ·

208 1690 285 1754 παῖς
299 1669 348 1742 ῶν
362 1671 516 1762 ἐτόλμησ’
535 1671 644 1755 εὐθὺς
656 1672 698 1744 οὐ
712 1672 795 1763 πρὸς
808 1670 931 1763 ἡδονάς

209 1783 363 1845 Μουσῶν
375 1779 563 1864 τραπέσθαι
578 1782 663 1863 πρός
680 1802 716 1843 τε
734 1777 911 1862 μαλθακὸν
930 1785 1018 1862 βίου,

210 1873 335 1965 άγροὺς
349 1879 386 1947 δὲ
401 1885 524 1966 ναίων,
540 1878 670 1968 σκληρά
682 1886 724 1968 τῇ
738 1878 841 1966 φάσει
855 1877 972 1959 διδοὺς

209 1987 320 2069 ἔχαιρε
333 1977 417 2068 πρὸς
427 1976 621 2069 τάνδρεῑον,
637 1990 685 2060 είς
697 1976 728 2049 τ’
746 1977 850 2068 άγρας
865 1978 928 2049 λῶν
1047 1996 1102 2050 885

208 2086 322 2161 ἵπποις
336 2109 372 2150 τε
383 2089 510 2170 χαίρων
524 2083 602 2164 τόξα
615 2079 646 2151 τ’
663 2085 822 2151 ἐντείνων
835 2097 958 2170 χεροῖν,

208 2182 304 2252 πόλει
318 2201 501 2271 παρασχεῖν
515 2191 609 2271 σῶμα
622 2184 785 2272 χρήσιμον
798 2186 922 2252 θέλων.

210 2280 228 2350 ὁ
244 2291 302 2371 τῆς
316 2293 468 2373 κυναγοῦ
483 2282 516 2355 δ’
532 2283 632 2366 ἄλλος
643 2283 841 2373 Ἀταλάντης
855 2285 966 2374 γόνος,

207 2400 285 2465 παῖς
296 2395 571 2475 Παρθενοπαῖος,
587 2388 677 2469 ελδος
690 2388 896 2474 έξοχῶτατος,

80 2529 84 2535 ·
204 2482 323 2575 Ἀρκάς
336 2489 399 2576 μὲν
411 2481 472 2578 ἦν,
489 2488 602 2558 ἐλθῶν
615 2487 650 2558 δ’
669 2484 722 2557 ἐπ’
735 2485 863 2577 Ἰνάχου
878 2487 958 2577 ῥοάς
1047 2507 1103 2562 890
1139 2540 1141 2545 -

208 2590 403 2659 παιδεύεται
416 2587 491 2660 κατ’
503 2589 634 2679 Ἀργος
670 2594 846 2681 ἐκτραφεὶς
862 2588 895 2659 δ’
914 2596 985 2660 ἐκεῖ

207 2698 342 2777 πρῶτον
354 2695 434 2779 μέν,
449 2689 493 2772 ῶς
506 2691 570 2781 χρὴ
584 2691 662 2774 τούς
676 2702 914 2781 μετοικοῦντας
927 2696 1052 2781 ξένους,

207 2791 356 2882 λυπηρὸς
370 2791 433 2863 οάκ
449 2785 494 2881 ἦν
506 2791 583 2864 οὐδ’
600 2798 787 2883 ἐπίφθονος
800 2795 896 2863 πόλει

209 2890 285 2961 οὐδ’
304 2895 470 2984 ἐξεριστὴς
484 2904 552 2965 τῶν
566 2896 693 2985 λόγων,
710 2894 795 2965 ὅθεν
809 2894 929 2986 βαρὺς·

208 2994 339 3082 μάλιστ’
358 2994 401 3068 ῶν
415 3008 466 3086 είη
482 2998 626 3086 δημότης
641 3026 677 3068 τε
691 3002 747 3068 καλ
761 3002 868 3081 ξένος·
1047 3015 1101 3069 895

207 3096 316 3184 λόχοις
333 3096 365 3168 δ’
383 3098 529 3188 ἐφεστῶς
544 3097 657 3188 ῶσπερ
667 3098 813 3189 Ἀργεῖος
826 3098 933 3188 γεγῶς

208 3196 316 3286 ἤμυνε
329 3202 438 3293 χῶρᾳ,
450 3199 573 3289 χὼπότ’
591 3194 632 3271 εὖ
647 3203 789 3291 πράσσοι
803 3203 907 3287 πόλις,

207 3308 335 3391 ἔχαιρε,
351 3312 487 3392 λυπρῶς
501 3301 535 3372 δ’
555 3311 695 3393 ἔφερεν,
713 3314 746 3374 εί
755 3333 787 3373 τι
802 3309 973 3390 δυστυχοῖ.

207 3403 352 3486 πολλοὺς
366 3402 399 3474 δ’
415 3403 555 3496 ἐραστάς
570 3404 658 3475 κάπδ
673 3413 823 3494 θηλειῶν
837 3402 916 3485 ὅσας

207 3510 311 3594 ἔχων,
326 3508 487 3599 ἐφρούρει
501 3508 608 3596 μηδὲν
621 3507 870 3599 ἐξαμαρτάνειν.
1047 3521 1100 3575 900
