2517 3934
382 1151 734 1222 rfloossm.

152 1577 322 1649 Ἀπόλλων
344 1578 489 1670 ήτήσατο
518 1585 607 1667 παρά
638 1591 706 1651 τῶν
729 1591 873 1670 Μοιροῐν
900 1582 1031 1666 δποιςὸ

65 1674 226 1763 Ἄδμητος
243 1684 404 1778 τελευτάν
419 1682 552 1758 μέλλων
569 1683 722 1769 παράσχῃ
738 1684 798 1750 τὸν
812 1680 898 1769 ὑπὲρ
910 1683 1033 1752 ἑαυτοῦ

69 1778 191 1844 ἑκόντα
207 1768 469 1863 τεθνηξόμενον,
485 1782 543 1845 ἵνα
563 1787 640 1846 ἴσον
662 1787 708 1867 τῷ
733 1785 882 1871 προτέρῳ
906 1781 1032 1867 χρόνον

68 1875 161 1961 ζήσῃ.
183 1878 238 1941 καὶ
250 1874 472 1960 δὴἍλκηστις
483 1875 504 1961 ή
516 1876 603 1963 γυνή
615 1883 677 1944 τού
686 1875 850 1963 Ἀδμήτου
864 1880 1057 1949 ἐπέδωκενθ

66 1978 203 2064 ἑαυτήν,
219 1976 399 2067 οὐδετέρου
413 1987 481 2050 τάν
494 1983 624 2071 γονέων
639 1981 861 2068 ἐθελήσαντος
876 1975 961 2067 ὑπὲρ
976 1983 1036 2046 τού

66 2078 188 2160 παιδὸς
209 2077 408 2152 ἀποθανεῖν.
446 2081 513 2170 μετ’
536 2081 578 2153 ού
606 2082 694 2152 πολύ
715 2082 753 2151 δὲ
778 2089 835 2168 τής
860 2086 1037 2168 συμφοράς

63 2183 189 2268 ταύτης
209 2187 392 2273 γενομένης
413 2181 577 2273 Ἡρακλῆς
604 2184 875 2273 παραγενόμενος
903 2185 960 2251 καὶ
972 2209 1037 2270 μα-

63 2283 144 2352 θύν
167 2287 258 2371 παρά
280 2315 369 2367 τινος
390 2289 599 2375 θεράποντος
623 2288 664 2358 τά
686 2291 763 2374 περὶ
784 2285 845 2373 τήν
858 2282 1037 2371 Ἀλκηστιν

63 2389 238 2475 ἐπορεύθη
253 2392 307 2458 ἐπὶ
326 2387 386 2459 τὸν
405 2391 513 2477 τάφον
528 2393 584 2460 καὶ
604 2389 664 2460 τὸν
679 2390 833 2459 Θάνατον
853 2385 1037 2474 άποστήναι
1047 2411 1080 2464 ιο

64 2490 209 2576 ποιήσας
223 2495 340 2580 ἐσθῆτι
360 2493 522 2562 καλύπτει
537 2492 599 2581 τήν
613 2508 769 2580 γυναῖκα,
789 2491 849 2560 τον
865 2485 1038 2577 δέἍδμη-

61 2618 124 2659 τον
143 2589 240 2679 ἠξίου
254 2594 399 2682 λαβόντα
414 2593 521 2684 αύτήν
535 2611 660 2683 τηρεῖν.
690 2595 863 2681 εἰληφέναι
880 2593 918 2661 δὲ
931 2589 1039 2678 αὐτὴν

60 2691 172 2781 πάλης
190 2685 300 2765 άθλον
320 2705 423 2786 ἔλεγε.
448 2697 492 2787 μή
514 2701 725 2786 βουλομένου
741 2697 778 2765 δὲ
797 2698 929 2763 ἐκείνου
950 2698 1038 2762 ἐδει-

59 2804 118 2877 ξεν
133 2793 177 2884 ήυ
192 2800 338 2868 ἐπένθει.

156 2896 496 2990 ’ἌλκηστιςήΠελίου
504 2902 659 2991 θυγάτηρ
667 2899 876 2989 ὑπομείνασα
884 2895 969 2988 ὑπὲρ
977 2904 1080 2974 τούισ

58 3007 156 3071 ι’δίου
166 2999 505 3093 άνδρὸςτελεντήσαι,
517 3002 720 3090 Ἡρακλέους
731 3002 996 3090 ἐπιδημήσαντος
1003 3003 1040 3068 έν

56 3111 99 3192 τῇ
124 3113 292 3196 Θετταλίᾳ
312 3106 522 3192 διασώζεται,
544 3109 751 3194 βιασαμένου
771 3103 851 3186 τούς
877 3109 1041 3191 χθονίους

55 3206 168 3288 θεούς
189 3210 247 3276 καὶ
265 3205 477 3296 ἀφελομένου
500 3208 561 3296 τήν
581 3224 736 3295 γυναῖκα.
771 3203 847 3294 παρ’
871 3201 1039 3295 ούδετέρφ

53 3324 167 3378 κεῖται
182 3309 203 3399 ἡ
217 3318 416 3399 μυθοποιία.
444 3309 482 3380 τὸ
503 3316 613 3400 δρᾶμα
634 3312 779 3399 ἐποιήθη
801 3308 847 3392 ιζ’.
877 3307 1039 3393 ἐδιδάχθη

52 3414 111 3481 ἐπὶ
133 3419 331 3483 Γλαυκίνον
347 3411 506 3500 άρχοντος
526 3412 564 3482 τὸ
580 3420 609 3482 λ.
648 3419 777 3496 πρῶτος
791 3403 834 3496 ήν
849 3415 1081 3496 Σοφοκλῆς,20

52 3512 219 3606 δεύτερος
249 3513 440 3605 Εὐριπίδης
472 3516 655 3602 Κρήσσαις,
680 3511 885 3665 Ἀλκμαίωνρ
910 3517 955 3600 τῷ
983 3503 1039 3575 διὰ
