2517 3934
533 190 788 249 ΙΠΠΟΛΥΤΟΣ

274 356 441 431 νοσούνθ’
456 354 604 447 ὁρῶντας
619 358 739 444 λέκτρα
752 353 797 443 μὴ
813 361 927 425 δοκεῖν
940 353 1042 446 ὀρείας

276 461 401 541 πόσους
415 461 453 530 δὲ
467 460 562 529 παισὶ
575 460 717 549 πατέρας
732 453 938 546 ἡμαρτηκόσι

274 569 525 650 συνεκκομίζειν
537 560 693 648 Κύπριος
708 562 746 628 ἐν
759 575 894 647 σοφοῖσι
908 559 972 651 γὰρ
1118 582 1174 637 465

273 662 348 734 τύδ’
367 666 436 734 ἐστί
448 669 603 750 θνητῶν,
619 661 805 731 λανθάνειν
819 660 862 729 τὰ
873 660 917 748 μὴ
935 664 1031 732 καλό.

275 764 351 836 οὐδ’
368 770 524 835 ἐκπονεῖν
537 791 588 832 τοι
602 770 687 852 χρῆν
703 770 781 850 βίον
795 770 872 832 λίαν
885 766 1046 853 βροτούς·

275 864 356 938 οὐδὲ
374 868 495 954 στέγην
511 864 575 954 γὰρ
590 850 629 953 ἦς
646 880 845 953 κατηρεφεῖς
863 863 961 952 δόμοι

273 976 381 1050 καλῶς
393 966 633 1057 ἆκριβῶσειαν·
652 972 699 1047 είς
714 965 826 1054 δὲτὴν
839 965 944 1053 τύχην

274 1066 412 1139 πεσοῦσ’
431 1067 516 1158 ὅσην
528 1067 572 1137 σύ
585 1075 655 1148 πῶς
668 1064 711 1137 ῶν
724 1072 880 1137 ἐκνεῦσαι
894 1073 1022 1152 δοκεῖς;
1116 1088 1172 1141 470

275 1168 348 1240 ἀλλ’
367 1178 399 1240 εί
408 1170 449 1240 τὰ
463 1177 566 1241 πλείω
580 1168 706 1259 χρηστὰ
722 1177 791 1239 τῶν
804 1176 918 1239 κακῶν
932 1177 1028 1259 ἔχεις,

273 1269 453 1361 ἅνθρωπος
466 1265 552 1341 ούσα
566 1273 671 1361 κάρτα
685 1268 718 1359 γ’
737 1263 777 1340 εύ
791 1272 946 1359 πράξειας
961 1271 1014 1342 ἄν.

274 1371 349 1442 ἀλλ’
366 1366 393 1442 ῶ
407 1382 489 1460 φίλη
504 1389 580 1460 παῖ,
595 1380 678 1461 λῆγε
691 1374 753 1460 μὲν
766 1381 881 1442 κακῶν
898 1382 1048 1462 φρενῶν,

273 1478 374 1561 ληξου
389 1473 423 1544 δ’
440 1471 632 1564 ὑβρίζοντ’·
648 1472 689 1543 ού
705 1473 768 1562 γὰρ
785 1472 865 1544 όιλλο
880 1475 968 1562 πλὴν
982 1474 1083 1565 ὕβρις

273 1574 346 1645 τύδ’
363 1580 448 1663 ἐστί,
463 1584 607 1664 κρείσσω
621 1576 793 1663 δαιμόνων
807 1577 894 1644 εἶναι
907 1579 1039 1646 θέλειυ·
1114 1594 1167 1650 475

274 1677 378 1764 τόλμα
392 1676 425 1745 δ’
442 1682 567 1766 ἐρῶσα·
585 1676 667 1757 θεὸς
682 1678 853 1766 ἐβουλήθη
868 1677 957 1748 τόδε.

272 1786 418 1847 νοσοῦσα
434 1776 466 1848 δ’
484 1771 525 1848 εύ
537 1805 608 1859 πως
620 1778 683 1866 τὴν
697 1779 798 1849 νόσον
814 1783 1059 1871 καταστρέφου.

274 1883 359 1949 είσὶν
376 1877 410 1949 δ’
427 1883 553 1973 ἐπῳδαὶ
567 1883 624 1950 καί
640 1881 734 1968 λόγοι
746 1880 957 1972 θελκτήριοι·

272 1981 460 2070 φανήσεταί
469 2010 500 2051 τι
513 1988 614 2070 τῆσδε
628 1984 807 2072 φάρμακον
826 1984 939 2053 νόσου.

272 2075 296 2171 ἦ
309 2081 384 2173 τᾶρ’
400 2081 444 2153 ι’ίν
457 2080 522 2165 ὀψέ
536 2080 568 2171 γ’
585 2081 708 2174 ἄνδρες
722 2084 889 2174 ἐξεύροιεν
903 2081 956 2173 ἅν,
1110 2104 1166 2159 480

274 2192 306 2254 εί
319 2184 363 2274 μὴ
382 2201 539 2273 γυναῖκες
552 2186 699 2274 μηχανὰς
716 2183 911 2275 εὑρήσομεν.

221 2337 229 2353 .
270 2294 420 2374 Φαίδρα,
437 2290 527 2376 λέγει
539 2287 601 2375 μὲν
614 2284 676 2375 ἥδε
690 2289 919 2377 χρησιμώτερα

210 2452 212 2457 s
272 2388 356 2477 πρὸς
368 2388 431 2477 τὴν
443 2397 620 2474 παροῦσαν
634 2390 830 2479 συμφοράν,
848 2397 930 2461 αίνῶ
945 2391 983 2459 δέ
997 2392 1045 2461 σέ.
1171 2464 1174 2467 Α

271 2487 289 2559 ὁ
307 2489 341 2559 δ’
359 2490 452 2571 αίνος
466 2482 563 2571 οὗτος
576 2493 834 2580 δυσχερέστερος
846 2496 962 2582 ψόγων

271 2600 339 2661 τῶν
351 2598 453 2680 τῆσδε
466 2594 522 2661 καὶ
538 2594 593 2663 σοί
605 2600 732 2681 μᾶλλον
748 2590 874 2682 ἆλγίων
888 2593 1014 2663 κλύειν.
1109 2610 1166 2665 485

160 2699 250 2761 ΦΑΙ.
266 2692 358 2764 τοῦτ’
376 2691 452 2764 ἐσθ’
468 2690 638 2783 δθυητῶυ
652 2686 692 2765 εύ
708 2695 822 2775 πόλεις
835 2697 1032 2783 οίκουμέυας

271 2796 395 2884 δόμους
408 2793 438 2865 τ’
456 2793 633 2883 όιτιόλλυσ’,
646 2803 682 2866 οί
691 2800 788 2867 καλοὶ
800 2806 877 2867 λίαν
890 2794 993 2885 λόγοι.

272 2895 314 2965 ού
328 2898 391 2987 γάρ
405 2927 437 2967 τι
450 2913 555 2968 τοῖσιν
570 2896 632 2969 ῶσὶ
645 2897 771 2989 τερπνὰ
784 2899 847 2989 χρὴ
861 2902 982 2987 λέγειν,

230 2974 261 3058 ‘l
272 2994 345 3066 ἀλλ’
361 3004 393 3082 ἐξ
409 2997 490 3069 ότου
504 3030 552 3081 τις
567 2999 707 3090 εὐκλεὴς
719 3002 902 3090 γενήσεται.

161 3103 222 3163 ΤΡ.
271 3106 307 3167 τί
317 3113 557 3189 σεμνομυθεῖς;
575 3100 616 3172 ού
629 3105 741 3191 λόγων
755 3101 972 3195 εὐσχημόνων
1109 3122 1163 3177 490

270 3206 326 3270 δεῖ
337 3199 384 3288 σ’,
399 3200 483 3272 ἀλλὰ
497 3200 639 3294 τάνδρὸς
655 3202 699 3286 ῶς
713 3205 810 3293 τάχος
825 3206 982 3291 διιστέου,

269 3301 329 3371 τόν
343 3301 454 3374 εύθύυ
466 3305 655 3388 ἐξειπόντας
668 3304 755 3396 ἀμφὶ
768 3314 830 3377 σοῦ
844 3305 955 3394 λόγου.

269 3409 302 3470 εί
312 3402 375 3487 μέν
388 3404 452 3491 γὰρ
466 3396 510 3492 ἦν
523 3427 576 3475 σοι
588 3408 633 3496 μὴ
648 3405 697 3478 ’πὶ
710 3424 898 3498 συμφοραῖς
911 3415 984 3496 βίος

267 3506 436 3588 [τοιαῖσδε,
445 3503 593 3593 σώφρων
606 3507 640 3577 δ’
656 3502 732 3578 οὔτ’
748 3511 925 3598 ἐτύγχανες
940 3506 1040 3597 γυνη,
