2517 3934
402 253 452 304 DE
470 249 658 303 EVRIPIDIS
675 247 762 301 VITA
1026 247 1075 298 XV

84 410 194 470 horum
218 407 352 467 virorum
374 404 519 464 institutio
534 400 580 462 vel
602 399 787 462 consuetudo
805 407 944 479 quantam
965 400 1024 460 viru
1039 397 1075 460 ad

83 494 240 570 ingenium
255 487 406 567 Euripidis
421 486 576 548 colendum
593 493 623 546 et
644 484 680 545 ad
697 486 865 545 universam
888 486 951 546 eins
972 485 1075 564 poesin

98 605 276 620 *-

87 658 249 709 Socraticae
272 653 429 720 sapientiae
456 654 534 705 fastu
556 653 646 704 elatos
668 651 715 704 vel
737 651 879 716 Euripidis
901 655 931 702 et
952 649 1077 701 Socratis

86 740 163 776 more
181 714 391 788 superignotus.
428 720 535 772 Gellius
554 723 595 782 16,
613 722 655 782 20,
672 721 690 770 4
707 719 889 770 hanelabat:
908 733 969 768 που
985 735 1002 768 υ
1018 733 1076 770 eor·

86 795 160 856 poris
176 806 241 840 cura
263 793 299 840 ud
320 790 456 840 eueniendi
478 789 554 838 animi
574 789 682 836 studium
705 794 880 852 στοιιιρντειιιι
903 787 1007 836 nudior
1025 786 1077 847 suit

86 860 189 924 pilpaici
200 859 380 921 Anaxuporae
391 863 418 905 et
430 857 538 906 Prodici
548 855 668 915 rhetoris,
685 855 712 903 in
723 855 814 903 morali
824 861 905 902 autem
917 852 1077 916 philosophia

86 926 215 976 Socratis.
252 925 398 989 plurimum
416 923 475 972 sine
493 921 575 972 dubio
594 923 777 985 Anaxagorae
799 919 945 985 Euripides
971 918 1076 982 debuit,

87 994 169 1044 cuius
187 996 216 1040 et
241 989 417 1055 disciplinam
436 995 463 1039 et
482 987 680 1053 quodammodo
701 1001 791 1038 mores
812 988 855 1037 ita
873 987 1022 1052 expressit,
1044 990 1077 1035 ut

88 1060 218 1110 alumnus
235 1057 405 1108 Clazomenii
427 1056 586 1121 philosophi
609 1054 683 1104 hand
704 1055 839 1104 immerito
860 1052 1020 1118 appellatus
1039 1055 1077 1103 sit

89 1127 124 1176 ab
143 1127 241 1176 Aristo
260 1125 330 1174 haue
349 1121 448 1187 (Gellii
467 1124 510 1180 in,
528 1125 576 1186 20,
593 1121 635 1187 8)=
653 1115 669 1172 ὁ
688 1110 716 1171 δ’
732 1113 922 1186 Ἀναξαγόρου
938 1112 1077 1185 τρόφιμος

87 1190 177 1260 putori
195 1141 259 1245 κτά.)
287 1191 383 1255 itaque
405 1190 557 1240 identidem
576 1189 757 1253 Anaxagorae
780 1187 1020 1253 philosophemata
1042 1186 1077 1237 ad

87 1273 221 1310 scaenam
234 1257 363 1319 traduxit,
378 1272 433 1321 qna
446 1257 478 1307 de
492 1272 521 1316 re
534 1255 609 1305 inira
621 1255 735 1305 dicetur.
760 1255 848 1304 minus
861 1258 936 1304 certo
948 1253 1077 1318 persequi

87 1327 167 1388 licet,
191 1325 323 1376 Prodicus
341 1328 370 1374 et
387 1326 555 1389 Protagoras
574 1321 640 1386 quid
661 1321 698 1373 ad
719 1321 891 1372 formandum
914 1325 1013 1384 poetae
1034 1321 1076 1370 iu·

90 1395 204 1458 genium
223 1390 398 1443 contulerint.
433 1391 519 1441 errori
541 1390 672 1440 videntur
689 1389 784 1439 deberi
806 1402 878 1452 quaa
900 1388 981 1453 Diog.
999 1387 1032 1438 L.
1050 1389 1077 1450 θ,

87 1463 122 1512 55
146 1459 248 1517 refert,
273 1454 346 1524 φησλ
370 1451 403 1509 dd
422 1449 577 1523 Φιλόχορος
599 1452 737 1514 πλέοντος
760 1447 850 1506 αὐτοῦ
873 1454 1078 1520 (Anaxagoram

88 1525 171 1588 dicit)
185 1518 215 1585 ἐς
227 1522 365 1576 Σικελίαν
377 1516 430 1590 την
442 1523 517 1576 ναῦν
529 1522 807 1589 καταποντισθῆναι,
824 1519 875 1573 καλ
887 1521 972 1573 τοῦτο
986 1518 1076 1574 αίνίτ·

87 1593 196 1645 τεσθαι
220 1585 385 1658 Εὐριπίδην
408 1583 439 1642 ἐν
459 1583 569 1654 Ἰξίονιι
595 1591 631 1641 ci.
652 1589 771 1644 Cliuton.
795 1591 873 1642 Fast.
897 1589 1077 1642 Ηο11.νοῐ.λ

88 1678 115 1725 p.
134 1662 185 1711 37⁷
206 1660 249 1710 ed.
268 1661 314 1712 Kr.
349 1673 382 1709 ao
400 1659 548 1708 manifesto
571 1658 672 1708 falsum
695 1658 828 1721 estquod
847 1657 927 1721 Diog.
945 1658 978 1707 L.
996 1657 1025 1714 2,
1044 1657 1078 1706 44

88 1731 194 1786 narrat,
214 1729 243 1776 in
261 1725 409 1776 Palamede
422 1726 544 1774 damnati
558 1725 681 1775 Socratis
693 1723 924 1789 significationem
935 1724 1077 1773 extitisse:

88 1809 147 1857 qua
166 1793 200 1843 de
219 1808 248 1842 re
268 1793 325 1842 dixi
341 1794 372 1842 iu
384 1793 467 1856 Trag.
480 1793 592 1858 Frugm.
610 1808 636 1857 p.
648 1794 707 1843 363.
737 1791 965 1842 consuetudinem
983 1795 1078 1840 tumen

88 1863 266 1925 Protagorae
286 1864 314 1911 et
331 1859 472 1923 Euripidis
510 1859 583 1909 rodit
599 1859 673 1908 fama
691 1858 827 1922 quaedam
839 1874 856 1907 a
867 1859 948 1923 Diog.
961 1859 994 1907 L.
1006 1860 1033 1919 t,
1045 1859 1079 1907 nt

90 1931 317 2004 commempratas
340 1924 452 2004 πρῶτον
474 1875 507 1978 δῖ
524 1924 581 2004 spis
599 1917 692 1990 λόγον
708 1917 813 2004 ἑαυτοῦ
836 1917 949 2006 deipnos
960 1924 1078 2001 ·(Prqta·

89 1990 512 2131 ttiiinlt,if⁰l,itti‚s
524 1986 1078 2137 &diffiniit-'iiioffn‘inffi'ii]

92 2129 188 2176 docuit
204 2132 296 2177 autem
313 2127 481 2190 Protagoras
500 2124 553 2177 δυο
572 2128 674 2188 λοςους
693 2121 769 2176 εἷναι
786 2123 852 2188 περὶ
869 2141 978 2184 παντος
989 2142 1079 2192 πραγ-

90 2207 184 2259 ματος
199 2188 417 2257 ἀντικειμένους
434 2184 570 2260 άλλήλοις
588 2193 680 2258 (Diog.
699 2194 732 2242 1..
751 2195 775 2255 9,
795 2195 826 2242 51
847 2198 876 2243 et
894 2193 990 2257 Steph.
1011 2195 1077 2258 Bya.

89 2277 115 2312 v.
125 2252 273 2343 Ἅβδηρα);
293 2261 359 2309 item
376 2261 503 2324 Euripidi
522 2253 553 2311 ἐκ
564 2254 673 2318 παντὸς
685 2253 722 2310 ἄν
739 2276 783 2318 τις
794 2251 961 2328 πράγματος
974 2258 1078 2312 δισσῶν

92 2319 184 2394 λόγων
196 2327 297 2394 αγῶνα
310 2317 390 2378 θεῖτ’
403 2315 448 2391 άν,
469 2323 497 2378 εί
509 2324 602 2392 λέγειν
615 2326 661 2391 εἴη
675 2321 764 2392 σοφός
776 2326 822 2392 (ir.
836 2327 904 2392 189),
922 2333 951 2378 et
962 2333 1079 2392 quanto

90 2409 157 2459 pere
176 2395 278 2444 amarit
295 2399 377 2459 poeta
395 2409 527 2458 personas
540 2410 604 2446 suas
617 2395 743 2444 oratioue
756 2400 897 2445 certantes
915 2411 1078 2460 proponere,

90 2461 1079 2593 iiiiitisiiiiiiiiiiiiiiiditniniiiitttiiiiiii

92 2597 178 2644 etiam
196 2593 304 2644 Callias
323 2595 389 2645 iacit
402 2595 477 2645 Com.
496 2596 577 2646 volt
595 2612 622 2660 p.
636 2597 695 2657 tao,
715 2596 814 2659 quibus
827 2597 989 2647 comicorum
1008 2595 1079 2647 ionis

91 2676 174 2710 nemo
195 2659 275 2711 fidem
296 2661 420 2712 habebit.
457 2662 650 2713 admiratorem
668 2663 810 2725 Euripidis
832 2663 917 2713 fuisse
937 2663 1079 2713 Socratem

91 2727 182 2776 facile
204 2728 340 2778 credimus
357 2728 475 2778 Aeliano
493 2729 525 2778 V.
544 2729 578 2780 Η.
597 2732 625 2784 2,
646 2731 690 2779 13:
713 2721 869 2794 Σωκράτης
887 2723 1009 2779 σπάνιον
1025 2725 1080 2794 μὲν

92 2787 234 2858 ἐπεφοίτα
251 2797 312 2852 τοῖς
330 2786 480 2859 θεάτροις·
506 2792 538 2845 εί
550 2809 619 2844 ποτε
638 2791 672 2846 δὲ
691 2788 854 2860 Εὐριπίδης
872 2787 887 2847 δ
907 2795 957 2861 τῆς
975 2813 1080 2868 upupp-

92 2858 160 2919 δίας
176 2855 300 2924 ποιητὴς
321 2851 329 2872 ’
350 2861 466 2923 mulcato
477 2865 590 2920 καινοῖς
602 2861 769 2928 τραγωδοίς,
788 2855 852 2913 τότε
870 2878 903 2929 γε
915 2856 1078 2928 ἀφικνεῖτο.

90 2924 141 2978 καί
159 2927 298 3004 Πειρριιοῑ
311 2879 347 2978 δῖ
366 2920 384 2977 ά
404 2923 577 2993 ιονιζομένοο
590 2927 641 2979 τού
654 2913 817 2993 Εὐριπίδου
828 2928 878 2981 κοιλ
892 2922 954 2981 ἐκεῖ
962 2926 1078 2998 κατῄει·

91 2990 189 3072 {ponpa
211 3010 266 3059 γαρ
285 2993 323 3062 τῴ
341 2945 428 3060 evin
447 2987 582 3060 δηλονότι
601 2987 651 3046 διά
669 3012 699 3047 τε
718 2989 770 3063 τὴν
788 2995 896 3060 σοφίαν
919 2989 1010 3049 αὐτοῦ
1027 2997 1077 3051 καλ

88 3078 145 3126 την
169 3054 200 3111 ἒν
223 3065 284 3119 τοῖς
305 3056 420 3126 μέτροις
442 3053 556 3128 αἱρετήν.
591 3065 681 3128 magis
703 3064 871 3114 dubitationi
894 3063 1014 3115 obnoxia
1037 3073 1079 3117 est

87 3127 301 3177 narratiuncula
319 3144 336 3177 a
354 3131 488 3180 Cicerone
506 3133 589 3182 Tuae.
608 3137 635 3194 4,
652 3133 694 3193 at,
711 3133 744 3182 63
761 3131 876 3181 tradita:
895 3147 948 3181 cum
967 3132 1079 3183 Orestem

85 3196 203 3258 fabulam
225 3197 329 3246 doceret
351 3197 502 3260 Euripides,
523 3199 620 3262 primos
644 3206 697 3248 tres
719 3214 806 3248 versus
829 3215 963 3249 rmoeuase
985 3201 1079 3250 dicitur

86 3261 222 3312 Socrates.
258 3277 369 3327 prorsus
386 3263 562 3314 incredibilia
581 3270 644 3315 sunt
668 3265 790 3330 quaeda
809 3265 935 3316 Platonis
955 3271 982 3315 et
1000 3268 1079 3317 Euri·

109 3329 166 3378 idis
192 3329 290 3380 itinere
316 3330 344 3379 in
363 3332 518 3395 Aegyptum
537 3337 667 3396 suscepto
690 3333 830 3383 fabulatur
846 3332 928 3397 Diog.
947 3335 980 3386 L.
999 3338 1027 3396 3,
1047 3336 1076 3384 6ι

86 3343 181 3474 ἔνθεν
198 3412 229 3447 τε
242 3392 292 3476 ιείς
311 3396 457 3462 Αἴγυπτον
476 3397 569 3460 (Plato
586 3399 728 3464 proiectus
745 3397 801 3462 est)
824 3392 902 3463 παρὰ
921 3396 988 3459 τούς
1009 3418 1078 3481 προ-

87 3477 198 3527 φητας·
217 3478 252 3514 ου
272 3461 345 3528 φασί
363 3463 412 3514 καὶ
426 3456 591 3532 Εὐριπίδην
604 3457 682 3534 αὐτῷ
695 3457 895 3532 άκολουθῆσαι
907 3465 958 3518 καὶ
970 3457 1078 3519 αὐτοθι

86 3521 254 3594 νοσήσαντα
277 3523 348 3592 πρὸς
374 3530 431 3582 τάν
455 3526 556 3596 ίερὲων
579 3523 766 3599 άπολυθῆναι
792 3531 826 3599 τῇ
851 3526 901 3582 διά
928 3528 1077 3598 θαλάττης

86 3597 249 3664 θεραπείᾳ·
278 3586 351 3649 ὅθεν
372 3596 423 3650 καλ
447 3595 541 3651 εἰπεῖν
563 3597 633 3667 (lph.
655 3600 687 3649 Τ.
711 3597 786 3662 1193)
811 3591 959 3650 ’θάλασσα
981 3595 1076 3661 κλύζει
