2517 3934
600 223 763 288 BAKXAI

295 397 470 488 βαρβάρου
484 403 635 483 ποταμοῦ
649 399 726 484 ῥοαὶ

295 507 514 590 καρπιζουσιν
528 495 710 586 άνομβρον.

296 611 364 674 ποῦ
378 599 411 672 δ’
431 596 452 669 ά
466 601 747 687 καλλιστευομένα

294 713 417 793 Πιερία
430 702 586 790 μούσειος
600 706 693 790 ἕδρα,

296 806 402 895 σεμνά
419 800 533 884 κλιτὺς
543 802 734 892 Ὀλόμπους

297 905 398 980 έκεῑσ’
416 905 476 996 άγε
489 933 541 994 με,
557 907 687 995 Βρόμιε
694 904 831 994 Βρόμιε,

297 1009 463 1103 πρόβακχ’
484 1007 553 1082 εὔιε
573 1015 704 1095 δαλμον.

298 1116 369 1183 έκεῑ
380 1112 532 1200 Χάριτες,
548 1113 619 1179 ἐκεῖ
633 1109 671 1179 δδ
683 1109 817 1191 Πόθος·

296 1219 368 1285 έκελ
379 1214 416 1283 δὲ
429 1212 573 1299 Βάκχαις
596 1213 694 1296 θέμις
716 1207 894 1298 ὀργιάζειν.
1135 1226 1187 1280 41⁵

297 1315 315 1384 ό
331 1323 463 1404 δαίμων
476 1311 494 1383 ὃ
511 1312 597 1393 Διός
610 1329 688 1393 παῖς
1063 1311 1135 1385 άντ.

296 1426 405 1508 χαίρει
418 1417 481 1506 μὲν
497 1424 685 1502 θαλίαισιν,

298 1529 394 1608 φιλεῖ
404 1516 438 1589 δ’
455 1517 695 1607 ὀλβοδότειραν
710 1523 774 1586 Ελ-

298 1623 416 1712 ρήναν,
434 1619 671 1712 κουροτρόφον
683 1616 781 1688 θεάν.

300 1736 356 1796 ίσα
371 1721 405 1793 δ’
423 1734 469 1804 είς
483 1749 519 1790 τε
534 1720 594 1791 τὸν
608 1720 726 1810 ὄλβιον

298 1827 359 1897 τόν
373 1854 408 1895 τε
421 1832 558 1915 χείρονα
573 1821 650 1893 δῶκ’
668 1831 756 1910 ἔχειν

299 1940 397 1999 οἴνου
412 1931 531 2016 τέρψιν
544 1923 693 1995 ἄλυπον

298 2047 391 2121 μισεῖ
405 2028 438 2100 δ’
456 2021 484 2121 ιβ
497 2026 542 2116 μὴ
555 2035 661 2098 ταῦτα
674 2029 777 2114 μέλει,

300 2132 385 2204 κατά
398 2133 484 2221 φάος
498 2130 621 2210 νύκτας
635 2157 671 2200 τε
684 2137 784 2217 φίλας

301 2234 449 2305 εὐαίωνα
463 2238 596 2319 διαζῆν·

299 2339 409 2426 σοφόν
425 2331 453 2405 δ’
469 2332 605 2421 ἀντέχειν
618 2338 770 2422 πραπίδα
783 2335 891 2422 φρένα
905 2360 942 2402 τε

300 2447 471 2529 περισσῶν
485 2441 575 2525 παρά
591 2443 725 2524 φωτῶν.

301 2541 339 2612 τό
354 2548 484 2629 πλῆθος
505 2535 524 2608 ό
538 2536 620 2608 τιτὸ
637 2538 848 2626 φαυλότερον
1137 2551 1191 2604 430

302 2645 436 2733 ένόμισε
450 2649 572 2731 χρῆταί
581 2669 627 2728 τε,
646 2639 718 2709 τόδ’
738 2639 781 2709 άν
798 2647 966 2728 δεχοίμαν.

186 2753 253 2815 ΘΠ.
298 2753 456 2833 Πενθεῦ,
471 2745 643 2833 πάρεσμεν
656 2740 752 2830 τήνδ’
769 2739 879 2829 άγραν
891 2736 1096 2830 ἠγρευκότες

301 2845 350 2937 ἐφ’
367 2845 410 2936 ἢν
425 2855 589 2934 ἔπεμψας,
605 2842 681 2915 οὐδ’
702 2840 844 2933 ἄκρανθ’
861 2838 1074 2932 ὡρμήσαμεν.
1140 2859 1191 2912 435

301 2979 319 3020 ο
334 2949 402 3038 θὴρ
418 2944 452 3018 δ’
468 2946 521 3018 ὅδ’
537 2945 618 3036 ἡμῖν
633 2955 739 3036 πράος
751 2943 826 3016 οὐδ’
843 2942 1015 3017 ὑπέσπασε

301 3059 395 3140 φυγῇ
409 3047 500 3135 πόδ’,
516 3046 584 3117 ἀλλ’
601 3055 728 3119 ἔδωκεν
740 3046 804 3118 οάκ
818 3046 911 3117 άκων
924 3052 1046 3137 χέρας,

300 3149 375 3222 οὐδ’
393 3149 499 3239 ὦχρός
513 3148 588 3220 οὐδ’
605 3148 747 3238 ἤλλαξεν
759 3148 909 3221 οίνωπδν
923 3154 1040 3239 γένυν,

301 3261 411 3344 γελῶν
425 3254 463 3323 δὲ
480 3255 536 3323 καὶ
551 3259 624 3322 δεῖν
638 3251 803 3341 κάπάγειν
817 3256 930 3339 έφίετο

303 3358 403 3443 ἔμενέ
417 3383 468 3442 τε,
483 3352 611 3442 τούμὸν
625 3353 762 3433 εὐπετὲς
777 3354 988 3443 ποιούμενος.
1141 3368 1187 3420 440

304 3454 396 3542 κάγώ
411 3453 452 3524 δι’
469 3462 586 3536 αἰδοῦς
602 3454 712 3522 εἷπον·
729 3446 846 3542 οἷξέά,
862 3452 924 3543 οάχ
938 3453 1027 3524 ἑκὼν

304 3554 375 3639 ἄγω
389 3578 444 3642 σε,
458 3558 619 3634 Πενθέως
636 3551 668 3622 δ’
685 3551 722 3634 ός
734 3552 765 3644 μ’
782 3553 897 3645 ἔπεμψ’
913 3559 1112 3635 ἐπιστολαῖς.
