2517 3934
585 168 845 229 ΙΠΠΟΛΥΓΟΣ

323 335 361 407 τὸ
376 333 409 406 δ’
428 333 533 426 ἄρσεν
545 331 672 416 αότοός
685 331 814 423 ῶφελεϊ
824 342 1076 425 προσκείμενον.
1167 355 1220 414 9⁰0

323 446 391 510 νῦν
404 431 470 508 οὖν
482 446 519 508 τί
527 444 633 508 ταῦτα
646 452 719 518 σοίς
732 434 921 526 ἅμιλλῶμαι
933 437 1046 527 λόγοις

322 548 449 632 νεκροῦ
462 540 628 630 παρόντος
642 538 811 631 μάρτυρος
823 540 1051 627 σαφεστάτους

323 646 437 731 ίέερρε
449 650 548 733 γαίας
560 638 655 730 τῆσδ’
678 637 760 712 ὅσον
772 641 870 729 τάχος
886 642 1007 730 φυγάς,

323 747 381 815 καλ
394 742 470 833 μήτ’
488 741 636 833 Ἀθήνας
648 742 707 824 τὰς
719 740 932 831 θεοδμήτους
945 743 1057 833 μόλῃς,

323 843 399 936 μήτ’
419 854 467 929 είς
479 844 582 935 όρους
594 853 656 934 γῆς
669 837 710 935 ής
724 845 806 935 ἐμὸν
819 860 939 935 κρατεῖ
953 844 1048 933 δόρυ.
1168 864 1219 921 975

325 956 357 1018 εί
368 946 432 1038 γὰρ
449 944 573 1018 παθῶν
585 975 626 1037 γε
642 954 705 1018 σοῦ
719 945 794 1019 τόδ’
809 945 1054 1036 ήσσήθήσομαι,

323 1046 366 1121 οό
379 1050 585 1139 μαρτυρήσει
597 1047 633 1138 μ’
647 1047 800 1139 Ἴσθμιος
814 1055 914 1131 Σίνις
926 1050 1007 1119 ποτὲ

324 1167 461 1222 κτανεῖν
475 1152 613 1238 ἑαυτόν,
628 1149 714 1222 ιἰλλδι
727 1152 908 1240 κομπάζειν
919 1151 1038 1239 μολπήν,

324 1250 401 1324 οὐδ’
416 1260 456 1325 αί
473 1257 628 1343 θαλάσσῃ
651 1254 815 1342 σύννομοι
829 1259 1055 1339 Σκειρωνίδες

325 1355 473 1445 φήσουσι
487 1358 605 1445 πέτραι
618 1372 688 1436 τοῖς
701 1371 818 1437 κακοῖς
831 1354 869 1445 μ’
886 1354 972 1425 εἶναι
987 1356 1110 1445 βαρύν.
1164 1374 1217 1431 080

270 1510 281 1529 .
323 1455 386 1528 οὐκ
400 1456 466 1528 οἷδ’
482 1455 573 1539 ὅπως
587 1454 712 1546 εἴποιμ’
728 1452 772 1527 ἂν
786 1455 941 1546 εὐτυχεῖν
953 1485 1029 1527 τινα

323 1567 477 1647 θνητῶν·
492 1557 532 1627 τὰ
546 1557 610 1648 γὰρ
627 1559 670 1648 δή
685 1557 790 1647 πρῶτ’
807 1557 1030 1648 ἀνέστραπται
1044 1561 1159 1633 πόλιν.

262 1715 271 1732 .
323 1660 443 1751 πότερ,
459 1663 558 1750 μένος
571 1662 634 1750 μέν
650 1661 805 1743 ξόστασίς
818 1689 854 1732 τε
867 1667 938 1731 σῶν
950 1668 1090 1750 φρενῶν

324 1763 433 1852 δεινή·
447 1762 484 1833 τό
499 1764 614 1852 μέντοι
630 1760 757 1853 πρᾶγμ’
775 1770 851 1850 ἔχον
863 1760 987 1844 καλοός
1004 1763 1139 1852 λόγους,
1231 1832 1232 1835 ,

327 1875 360 1935 εί
370 1893 421 1946 τις
434 1866 664 1953 διαπτόξειεν,
679 1863 721 1934 ου’
738 1864 843 1935 καλόν
857 1866 943 1936 τόδε.
1164 1882 1213 1940 985
1231 1856 1232 1940 λ

325 1965 391 2055 έγῶ
407 1965 440 2037 δ’
456 1964 606 2056 ἄκομψος
620 1974 668 2049 είς
681 1964 783 2055 όχλον
797 1974 920 2039 δοῦναι
932 1966 1045 2055 λόγου,

325 2076 372 2150 είς
385 2066 503 2158 ήλικας
517 2071 556 2139 δὲ
569 2067 736 2158 κῶλίγους
750 2070 952 2161 σοφώτερος.

325 2178 392 2259 ἔχει
405 2174 444 2242 δὲ
456 2187 579 2263 μοίραν
592 2175 648 2242 καί
662 2168 752 2241 τόδ’·
769 2178 804 2241 οί
814 2169 878 2260 γὰρ
892 2176 930 2242 έν
943 2187 1061 2259 σοφοῖς

324 2280 449 2362 φαῦλοι
463 2269 544 2362 παρ’
562 2270 650 2367 όχλφ
663 2273 905 2362 μουσικώτεροι
919 2276 1039 2361 λέγειν.

326 2372 416 2464 ὅμως
429 2373 462 2445 δ’
478 2373 628 2465 ιἰνόγκή,
643 2384 820 2465 συμφορᾶς
834 2374 1031 2465 ἀφιγμένης,
1163 2392 1212 2448 000

319 2478 481 2568 γλῶσσάν
494 2475 530 2566 μ’
550 2475 698 2567 ιἰφείναι.
713 2488 828 2568 πρῶτα
850 2475 882 2547 δ’
898 2475 1038 2565 ἄρξομαι
1051 2478 1166 2565 λέγειν

325 2577 410 2651 ὅθεν
423 2580 460 2669 μ’
475 2579 628 2669 ὑπῆλθες
641 2588 775 2673 πρῶτον
790 2578 834 2661 ῶς
849 2586 1048 2669 διαφθερῶν
1229 2572 1230 2597 ³

327 2680 391 2753 οόκ
404 2680 619 2766 όντιλέξοντ’.
637 2690 768 2774 εἰσορᾷς
783 2682 867 2771 φόος
879 2682 958 2753 τόδε

325 2788 381 2856 καὶ
395 2802 512 2874 γαῖαν·
527 2790 565 2856 ίν
581 2784 688 2857 τοῖσδ’
704 2783 767 2856 οόκ
782 2781 889 2855 ἔνεστ’
907 2781 992 2871 ἀνὴρ
1007 2789 1104 2871 ἐμοῦ,

325 2885 403 2958 οὐδ’
418 2884 463 2977 ήυ
475 2886 520 2959 σό
533 2888 578 2977 μή
593 2896 675 2979 φής,
690 2890 961 2979 σωφρονέστερος
974 2885 1089 2973 γεγῶς.
1162 2901 1211 2958 005

325 2993 502 3080 ἐπίσταμαι
517 2990 581 3083 γὰρ
596 2998 712 3081 πρῶτα
727 2990 789 3079 μὲν
803 2988 906 3070 θεοὺς
919 2989 1042 3077 σέβειν,

327 3100 440 3181 φίλοις
452 3121 489 3163 τε
501 3100 648 3183 χρῆσθαι
661 3092 705 3182 μή
720 3090 852 3163 όδικείν
866 3091 1097 3179 πειρωμένοις,

324 3190 398 3265 ἄλλ’
415 3192 504 3266 οἷσιν
517 3195 620 3277 αίδῶς
634 3192 710 3286 μήτ’
727 3197 944 3283 ἐπαγγέλλειν
957 3191 1043 3261 κακόι
1227 3280 1228 3283 ¹

323 3296 400 3384 μήτ’
417 3296 675 3387 ἀνθυπουργεῖν
688 3297 807 3386 αἰσχρὰ
821 3313 905 3367 τοῖσι
918 3296 1117 3387 χρωμένοις·

326 3394 389 3465 οὐκ
404 3399 601 3487 ἑγγελαστής
613 3407 682 3468 τῶν
696 3396 923 3487 ὁμιλούντων,
938 3397 1053 3485 πάτερ,
1144 3412 1208 3467 1000

324 3492 399 3564 ἀλλ’
416 3496 518 3579 αὑτός
531 3496 573 3568 οό
586 3508 734 3589 παροῦσι
747 3497 876 3591 κᾶγγύς
889 3495 939 3570 ῶν
953 3506 1063 3588 φίλος.
