2517 3934
499 754 877 826 υυΡιΠιΛου

420 951 946 1043 ΗΡΑΚΛΕΙΛΑΙ.

582 1230 787 1241 ,ιιι-ιη’...-

181 1398 240 1465 10.
294 1390 404 1460 Πάλαι
419 1382 493 1457 ποτ’
511 1390 579 1456 ἐστὶ
593 1384 685 1457 τοῦτ’
702 1390 775 1475 ἐμοὶ
790 1389 1010 1477 δεδογμένον·

295 1489 316 1563 δ
328 1492 390 1580 μὲν
403 1498 532 1569 δίκαιος
546 1506 615 1571 τοῖς
630 1492 730 1571 πέλας
746 1487 865 1577 πέφυκ’
884 1488 981 1580 άνήρ,

293 1588 313 1663 δ
328 1599 359 1664 δ’
377 1601 423 1673 εἰς
437 1591 474 1661 τδ
488 1594 607 1681 κέρδος
621 1589 699 1680 λῆμ’
717 1599 802 1680 ἐχων
816 1590 994 1681 ἀνειμένον

292 1696 387 1767 πόλει
401 1693 429 1765 τ’
447 1692 606 1783 άχρηστος
621 1696 678 1763 καὶ
692 1694 937 1765 συναλλάσσειν
949 1695 1067 1785 βαράς,

293 1794 386 1890 αὐτῷ
401 1794 433 1866 δ’
450 1794 598 1886 άριστος·
616 1796 693 1866 οἶδα
707 1794 740 1865 δ’
757 1795 799 1866 οὗ
815 1799 903 1890 λέγω
917 1798 1049 1886 μαθων.
1173 1820 1190 1871 5

292 1899 357 1989 ἐμά
371 1899 436 1990 γάρ
451 1905 542 1969 αίδοῖ
554 1902 610 1967 καὶ
624 1898 660 1967 τὸ
677 1902 837 1988 συγγενὲς
850 1904 970 1989 σέβων,

292 2002 369 2085 ἐξὸν
381 1998 454 2072 κατ’
467 1998 590 2090 ’Ἄργος
606 1998 738 2090 ἡσύχως
752 2009 879 2090 ναίειν,
894 2003 1011 2073 πόνων

291 2114 457 2175 πλείστων
470 2108 629 2192 μετέσχον
645 2100 691 2185 εἷς
705 2101 792 2194 άνὴρ
806 2104 994 2195 Ἡρακλέει,

290 2205 341 2277 ὅτ’
358 2199 402 2297 ἦν
415 2204 494 2295 μεθ’
512 2204 623 2295 ἡμῶν·
638 2214 705 2277 νῦν
719 2204 751 2275 δ’
769 2210 841 2277 ἐπεὶ
855 2204 928 2278 κατ’
944 2203 1095 2296 οάρανόν

291 2318 396 2398 ναίει,
411 2308 451 2379 τά
465 2317 581 2379 κείνου
596 2306 688 2378 τέκν’
705 2317 791 2397 έχων
804 2307 870 2379 ὑπὸ
886 2326 1018 2399 πτεροῖς
1152 2329 1188 2380 10

290 2413 381 2497 σάζω
396 2409 471 2483 τάδ’
488 2408 589 2492 αὐτὸς
604 2412 763 2500 δεόμενος
776 2408 950 2502 σωτηρίας.

289 2518 361 2585 ἐπεὶ
375 2513 438 2604 γάρ
456 2510 570 2584 αὐτῶν
583 2521 643 2603 γῆς
658 2511 857 2604 ἀπηλλάχθη
871 2514 989 2604 πατήρ,

288 2625 423 2708 πρῶτον
437 2618 499 2705 μὲν
513 2613 598 2705 ἡμᾶς
615 2613 715 2704 ἤθελ’
731 2614 936 2706 Εὐρυσθεὺς
952 2630 1104 2687 κτανεῖν·

287 2717 363 2790 ἄλλ’
380 2722 576 2809 ἐξέδραμεν·
592 2720 649 2787 καί
663 2718 758 2799 πόλις
771 2717 834 2807 μὲν
847 2730 981 2805 οίχεται,

286 2821 376 2910 ψυχὴ
395 2818 427 2892 δ’
447 2821 570 2909 ἐσώθη.
589 2822 761 2909 φεύγομεν
776 2819 809 2890 δ’
826 2819 994 2910 άλαίμευοι
1148 2842 1185 2894 15

286 2921 393 3012 άλλην
407 2921 464 2993 ἀπ’
482 2920 584 3011 άλλης
597 2926 797 3012 ἐξορίζοντες
811 2925 920 2994 πόλιν.
1105 2941 1107 2943 ’

287 3025 370 3116 πρὸς
385 3042 455 3105 τοῖς
468 3024 531 3115 γάρ
547 3024 660 3105 άλλοις
674 3028 730 3094 καὶ
749 3023 822 3096 τόδ’
843 3024 1049 3117 Εὐρυσθεὺς
1063 3042 1185 3109 κακοῖς

287 3124 425 3217 ὕβρισμ’
442 3131 475 3207 ές
488 3124 573 3217 ἡμᾶς
586 3125 729 3215 ἠξίωσεν
744 3125 897 3217 ὑβρίσαι·

285 3233 426 3319 πέμπων
436 3234 524 3303 ὅπου
533 3240 594 3321 γῆς
607 3228 820 3300 πονθάνοιθ’
838 3235 1041 3321 ἱδρυμένους

283 3334 432 3421 κήρυκας
447 3336 569 3415 ἐξαιτεῖ
582 3358 618 3401 τε
632 3329 799 3422 κάξείρχει
812 3335 947 3420 χθονός,
1143 3350 1182 3403 20

285 3435 385 3503 πόλιν
399 3442 586 3523 προτείνων
595 3431 717 3522 ’Ἄργος
732 3431 774 3504 οὐ
788 3436 933 3526 σμικράν
948 3444 1052 3523 φίλνυ

283 3536 410 3623 ἐχθράν
423 3562 459 3605 τε
473 3538 615 3623 θέσθαι,
630 3532 757 3623 χαὺτὸν
771 3534 973 3625 εὐτυχοῦνθ’
991 3534 1069 3626 ἅμα.
