2517 3934
502 221 655 280 ΕΛΕΝΗ
1006 216 1069 279 21³

180 385 222 456 τά
236 394 341 472 ζῶντα
355 401 423 464 τοῖς
437 391 605 454 θανοῦσιν
620 382 761 472 άποδοίη
775 383 851 454 ποτ’
867 379 947 479 zm]
1054 413 1060 424 ¹

179 485 224 556 σῦ
238 487 280 575 δὴ
296 485 337 555 τὰ
350 494 411 556 τοῦ
426 493 512 554 θεοῦ
526 489 582 555 καλ
595 485 636 554 τά
651 493 713 554 τοῦ
727 485 851 573 πατρὸς
865 487 995 576 σκόπει,

180 591 325 677 πότερον
341 585 359 656 ὁ
374 593 505 674 δαίμων
519 585 566 674 χῶ
583 587 703 656 θανῶν
716 587 756 657 τά
770 596 838 657 τῶν
851 592 952 670 πέλας
1018 606 1069 661 915

180 688 352 778 βούλοιντ’
371 686 413 757 άν
430 685 506 777 ἢού
516 687 688 778 βούλοιντ’
705 685 747 759 άν
757 687 944 760 ἀποδοῦναι
957 691 1068 762 πάλιν.

178 798 268 860 δοκῶ
282 793 352 878 μέν.
370 788 498 860 οῦκουν
510 791 572 879 χρή
587 813 625 859 σε
639 788 795 883 συγγόνῳ
809 795 911 861 πλέον

179 896 296 981 νέμειν
310 901 438 984 ματαίῳ
452 901 580 980 μᾶλλον
593 889 614 980 ἢ
629 901 760 986 χρηστῷ
774 900 885 982 πατρί.

179 1002 212 1064 εί
223 1001 243 1064 δ
247 986 360 1067 ὀῦσα
373 995 488 1082 μάντις
501 996 557 1063 καὶ
570 993 611 1062 τά
624 992 694 1063 θεῖ’
710 992 878 1083 ἡγουμένη

179 1094 217 1165 τὸ
232 1099 294 1185 μὲν
308 1103 440 1165 δίκαιον
452 1103 513 1166 τοῦ
528 1095 652 1186 πατρὸς
665 1101 873 1184 διαφθερεῖς,
1017 1111 1069 1167 999

180 1205 226 1290 τῷ
240 1196 273 1266 δ’
292 1195 334 1268 ού
350 1203 469 1288 δικαίῳ
482 1197 639 1288 συγγόνῳ
653 1198 771 1277 δῶσεις
784 1188 898 1284 χάριν,

179 1298 318 1387 αίσχρὸν
332 1299 372 1367 τά
386 1301 448 1387 μέν
463 1320 501 1368 σε
513 1310 593 1367 θεῖα
606 1296 703 1367 πάντ’
720 1302 890 1383 ἐξειδέναι,

180 1401 220 1470 τά
237 1398 268 1469 τ’
285 1397 366 1470 ὄντα
380 1404 436 1469 καὶ
450 1400 511 1488 μή,
526 1400 565 1468 τά
580 1401 617 1468 δέ
633 1406 746 1469 δίκαια
760 1398 804 1488 μὴ
824 1402 958 1469 είδέναι.

178 1513 952 1556 ιτιιιιιιιιιι

178 1603 241 1691 τήν
255 1601 286 1672 τ’
302 1600 426 1672 ἀθλίαν
441 1600 506 1691 ἔμ’,
522 1598 609 1672 οἷσιν
626 1611 776 1691 ἔγκειμαι
790 1619 914 1690 κακοῖς,

179 1709 297 1792 ῥῦσαι,
312 1706 483 1794 πάρεργον
496 1711 603 1773 δοῦσα
617 1713 716 1774 τοῦτο
731 1712 788 1793 τῆς
802 1705 917 1793 τύχης·
1017 1719 1065 1774 996

175 1803 312 1894 Ἑλένην
325 1805 388 1894 γάρ
403 1804 515 1886 οὐδεὶς
529 1803 617 1887 ὅστις
631 1804 672 1875 ού
687 1823 804 1894 στυγεῖ
815 1815 964 1894 βροτῶν·

178 1904 201 1994 ἢ
214 1909 373 1997 κλῄζομαι
386 1905 467 1976 καθ’
483 1905 613 1976 Ἑλλάδ’
629 1905 674 1987 ῶς
689 1905 851 1994 προδοῦσ’
868 1906 949 1995 έμδν

177 2009 277 2078 πόσιν
292 2016 439 2096 Φρυγῶν
454 2006 567 2100 ᾤκησα
581 2009 815 2098 πολυχρύσους
829 2008 964 2095 δόμους.

177 2107 222 2197 ἢν
235 2108 267 2179 δ’
282 2107 410 2180 Ἑλλάδ’
428 2118 517 2179 ἔλθω
532 2107 663 2199 κάπιβῶ
679 2111 835 2198 Σπάρτης
852 2108 933 2181 ποτέ
940 2125 956 2195 ,’
1034 2141 1036 2145 ·

177 2212 337 2292 κλύοντες
352 2212 532 2291 εἰσιδόντες
547 2209 590 2292 ῶς
603 2216 732 2300 τέχναις
748 2219 841 2281 θεῶν
1015 2226 1067 2280 930

178 2310 311 2400 ὤλοντ’,
327 2313 391 2401 έγῶ
407 2315 445 2384 δὲ
459 2314 614 2400 προδότις
628 2311 691 2382 ούκ
705 2310 795 2401 ἥμην
808 2319 929 2400 φίλων,

178 2415 279 2484 πάλιν
292 2413 327 2502 μ’
344 2412 502 2498 άνάξουσ’
519 2423 565 2495 είς
579 2414 615 2484 τό
631 2422 774 2500 σῶφρον
784 2405 887 2493 αὖθις
904 2403 949 2480 αῦ

175 2517 368 2604 έκδιόσομαί
381 2544 417 2585 τε
430 2514 592 2605 θυγατέρ’
609 2513 653 2603 ἣν
668 2514 780 2596 οὐδεὶς
794 2531 902 2604 γαμεῖ,

176 2617 238 2704 τὴν
252 2617 285 2686 δ’
304 2615 423 2687 ἐνθάδ’
442 2615 611 2687 ἐκλιποῦσ’
630 2615 787 2707 ἀλητείαν
802 2615 927 2706 πικράν

178 2715 286 2788 όντων
299 2723 336 2788 ἐν
349 2729 453 2799 οἴκοις
466 2722 643 2807 χρημάτων
657 2716 827 2806 ὀνήσομαι.
1014 2733 1066 2786 935

177 2827 231 2887 κεί
243 2822 305 2908 μέν
318 2819 437 2890 θανῶν
451 2817 504 2889 ὅδ’
522 2824 558 2888 ἐν
567 2828 660 2911 πυρά
671 2819 873 2907 κατεσφάγη,

176 2917 291 3009 πρόσω
305 2920 366 3010 σφ’
385 2919 512 2991 άπόντα
526 2923 685 3011 δακρύοις
699 2918 742 2990 άν
755 2920 913 3010 ἠγάπων·

176 3029 242 3091 νῦν
257 3020 289 3090 δ’
309 3021 390 3092 ὅντα
404 3025 460 3091 καὶ
474 3021 618 3092 σωθέντ’
635 3021 924 3112 άφαιρεθήσομαις

173 3121 218 3209 μὴ
235 3129 335 3212 δῆτα,
349 3121 505 3212 παρθέν’,
522 3121 605 3193 άλλά
618 3122 651 3193 σ’
667 3126 805 3195 ἱκετεύω
820 3125 912 3196 τόδε·

175 3223 234 3304 δός
250 3225 313 3313 τὴν
329 3227 428 3313 χάριν
442 3254 499 3314 μοι
512 3226 614 3314 τήνδε
627 3230 684 3296 καὶ
697 3235 802 3316 μιμοῦ
818 3226 961 3314 τρόπους
1012 3238 1065 3293 990

175 3323 299 3416 κατρδς
314 3333 462 3395 δικαίου·
477 3329 571 3396 παισὶ
584 3327 649 3418 γάρ
663 3332 757 3409 κλέος
770 3328 847 3397 τάδε

173 3427 366 3515 κάλλιστον,
381 3425 471 3509 ὅστις
485 3432 521 3498 ἐκ
534 3429 659 3518 πατρὸς
672 3436 816 3518 χρηστοῦ
829 3427 937 3516 γεγῶς

174 3534 221 3608 είς
234 3526 358 3598 ταύτὸν
372 3521 458 3617 ἦλθε
471 3546 538 3612 τοῖς
552 3539 686 3600 τεκοῦσι
700 3530 777 3612 τοῦς
791 3529 946 3616 τρόπους.
