<?xml version="1.0" encoding="UTF-8"?>
<!DOCTYPE html PUBLIC "-//W3C//DTD XHTML 1.0 Transitional//EN"
    "http://www.w3.org/TR/xhtml1/DTD/xhtml1-transitional.dtd">
<html xmlns="http://www.w3.org/1999/xhtml" xml:lang="en" lang="en">
 <head>
  <title>
</title>
<meta http-equiv="Content-Type" content="text/html;charset=utf-8" />
  <meta name='ocr-system' content='tesseract 3.04.00' />
  <meta name='ocr-capabilities' content='ocr_page ocr_carea ocr_par ocr_line ocrx_word'/>
</head>
<body>
  <div class='ocr_page' id='page_1' title='image "./euripidistragoe00naucgoog_0032.png"; bbox 0 0 2517 3934; ppageno 0'>
   <div class='ocr_carea' id='block_1_1' title="bbox 181 178 870 235">
    <p class='ocr_par' dir='ltr' id='par_1_1' title="bbox 181 178 870 235">
     <span class='ocr_line' id='line_1_1' title="bbox 181 178 870 235; baseline 0.004 -3"><span class='ocrx_word' id='word_1_1' title='bbox 181 180 272 232; x_wconf 78' lang='lat' dir='ltr'><strong>xxvi</strong></span> <span class='ocrx_word' id='word_1_2' title='bbox 487 181 537 231; x_wconf 82' lang='lat' dir='ltr'><strong>DE</strong></span> <span class='ocrx_word' id='word_1_3' title='bbox 556 179 742 234; x_wconf 74' lang='lat' dir='ltr'><strong>uvnn’lurs</strong></span> <span class='ocrx_word' id='word_1_4' title='bbox 759 178 870 235; x_wconf 73' lang='lat' dir='ltr'>POESI</span> 
     </span>
    </p>
   </div>
   <div class='ocr_carea' id='block_1_2' title="bbox 179 301 892 411">
    <p class='ocr_par' dir='ltr' id='par_1_2' title="bbox 179 301 892 411">
     <span class='ocr_line' id='line_1_2' title="bbox 179 301 892 411; baseline 0.001 -27"><span class='ocrx_word' id='word_1_5' title='bbox 179 324 314 411; x_wconf 57' lang='lat' dir='ltr'><strong>&amp;Aulum</strong></span> <span class='ocrx_word' id='word_1_6' title='bbox 723 301 892 399; x_wconf 75' lang='grc' dir='ltr'><strong><em>Σθενέβοια</em></strong></span> 
     </span>
    </p>
   </div>
   <div class='ocr_carea' id='block_1_3' title="bbox 129 395 931 990">
    <p class='ocr_par' dir='ltr' id='par_1_3' title="bbox 216 395 855 665">
     <span class='ocr_line' id='line_1_3' title="bbox 216 395 855 465; baseline 0 -14"><span class='ocrx_word' id='word_1_7' title='bbox 216 395 376 462; x_wconf 76' lang='grc' dir='ltr'><strong><em>Λικύμνιος</em></strong></span> <span class='ocrx_word' id='word_1_8' title='bbox 687 400 855 465; x_wconf 80' lang='grc' dir='ltr'><strong><em>σσΣίουφος</em></strong></span> 
     </span>
     <span class='ocr_line' id='line_1_4' title="bbox 216 458 852 546; baseline 0.002 -28"><span class='ocrx_word' id='word_1_9' title='bbox 216 458 427 531; x_wconf 75' lang='grc' dir='ltr'><strong><em>Μελανίακη“</em></strong></span> <span class='ocrx_word' id='word_1_10' title='bbox 411 482 431 546; x_wconf 86' lang='grc' dir='ltr'><strong><em>η</em></strong></span> <span class='ocrx_word' id='word_1_11' title='bbox 449 463 589 544; x_wconf 82' lang='grc' dir='ltr'><strong><em>δεσμῶιις</em></strong></span> <span class='ocrx_word' id='word_1_12' title='bbox 723 468 852 543; x_wconf 75' lang='grc' dir='ltr'><strong><em>Σκείρων</em></strong></span> 
     </span>
     <span class='ocr_line' id='line_1_5' title="bbox 217 525 847 614; baseline -0.003 -27"><span class='ocrx_word' id='word_1_13' title='bbox 217 533 394 614; x_wconf 74' lang='grc' dir='ltr'><strong><em>Μελανίππη</em></strong></span> <span class='ocrx_word' id='word_1_14' title='bbox 413 551 430 600; x_wconf 91' lang='grc' dir='ltr'><strong><em>η</em></strong></span> <span class='ocrx_word' id='word_1_15' title='bbox 449 525 525 600; x_wconf 82' lang='grc' dir='ltr'><strong><em>σοφή</em></strong></span> <span class='ocrx_word' id='word_1_16' title='bbox 722 527 847 614; x_wconf 75' lang='grc' dir='ltr'><strong><em>Σκύριαι</em></strong></span> 
     </span>
     <span class='ocr_line' id='line_1_6' title="bbox 217 596 836 682; baseline 0.002 -30"><span class='ocrx_word' id='word_1_17' title='bbox 217 597 382 665; x_wconf 78' lang='grc' dir='ltr'><strong><em>Μελέαγρος</em></strong></span> <span class='ocrx_word' id='word_1_18' title='bbox 723 596 836 682; x_wconf 80' lang='grc' dir='ltr'><strong><em>Σηλεύς</em></strong></span> 
     </span>
    </p>

    <p class='ocr_par' dir='ltr' id='par_1_4' title="bbox 180 665 889 869">
     <span class='ocr_line' id='line_1_7' title="bbox 180 665 837 745; baseline -0.002 -24"><span class='ocrx_word' id='word_1_19' title='bbox 180 669 373 721; x_wconf 79' lang='grc' dir='ltr'><strong><em>σοΜΗΔΕΙΑ</em></strong></span> <span class='ocrx_word' id='word_1_20' title='bbox 726 665 837 745; x_wconf 83' lang='grc' dir='ltr'><strong><em>Τέννης</em></strong></span> 
     </span>
     <span class='ocr_line' id='line_1_8' title="bbox 216 728 859 812; baseline -0.002 -24"><span class='ocrx_word' id='word_1_21' title='bbox 216 731 360 812; x_wconf 80' lang='grc' dir='ltr'><strong><em>Οίδιηονς</em></strong></span> <span class='ocrx_word' id='word_1_22' title='bbox 689 747 715 789; x_wconf 73' lang='grc' dir='ltr'><strong><em>ιο</em></strong></span> <span class='ocrx_word' id='word_1_23' title='bbox 727 728 859 802; x_wconf 83' lang='grc' dir='ltr'><strong><em>Τήλεφος</em></strong></span> 
     </span>
     <span class='ocr_line' id='line_1_9' title="bbox 216 793 889 884; baseline -0.001 -29"><span class='ocrx_word' id='word_1_24' title='bbox 216 793 321 861; x_wconf 83' lang='grc' dir='ltr'><strong><em>Οἰνεύς</em></strong></span> <span class='ocrx_word' id='word_1_25' title='bbox 727 802 889 884; x_wconf 80' lang='grc' dir='ltr'><strong><em>Τημενίδαι</em></strong></span> 
     </span>
    </p>

    <p class='ocr_par' dir='ltr' id='par_1_5' title="bbox 129 862 857 934">
     <span class='ocr_line' id='line_1_10' title="bbox 129 862 857 934; baseline -0.004 -11"><span class='ocrx_word' id='word_1_26' title='bbox 129 869 139 890; x_wconf 76' lang='grc'>’</span> <span class='ocrx_word' id='word_1_27' title='bbox 219 862 365 934; x_wconf 78' lang='grc' dir='ltr'><strong><em>Οἰνόμαος</em></strong></span> <span class='ocrx_word' id='word_1_28' title='bbox 726 868 857 934; x_wconf 82' lang='grc' dir='ltr'><strong><em>Τήμενος</em></strong></span> 
     </span>
    </p>

    <p class='ocr_par' dir='ltr' id='par_1_6' title="bbox 217 936 931 990">
     <span class='ocr_line' id='line_1_11' title="bbox 217 936 931 990; baseline 0.001 -1"><span class='ocrx_word' id='word_1_29' title='bbox 217 936 403 989; x_wconf 84' lang='grc' dir='ltr'><strong><em>ΟΡΕΣΤΗΣ</em></strong></span> <span class='ocrx_word' id='word_1_30' title='bbox 724 937 931 990; x_wconf 73' lang='grc' dir='ltr'><strong><em>ΤΡΩΙΑΔΕΣ</em></strong></span> 
     </span>
    </p>
   </div>
   <div class='ocr_carea' id='block_1_4' title="bbox 178 996 979 1488">
    <p class='ocr_par' dir='ltr' id='par_1_7' title="bbox 178 996 934 1338">
     <span class='ocr_line' id='line_1_12' title="bbox 178 996 864 1085; baseline 0 -29"><span class='ocrx_word' id='word_1_31' title='bbox 178 996 397 1069; x_wconf 79' lang='grc' dir='ltr'><strong><em>σσΠαλαμήδης</em></strong></span> <span class='ocrx_word' id='word_1_32' title='bbox 545 1049 546 1054; x_wconf 75' lang='grc'><strong><em>,</em></strong></span> <span class='ocrx_word' id='word_1_33' title='bbox 719 999 864 1085; x_wconf 71' lang='grc' dir='ltr'><strong>ιΤηιικύλη</strong></span> 
     </span>
     <span class='ocr_line' id='line_1_13' title="bbox 216 1067 848 1149; baseline -0.003 -25"><span class='ocrx_word' id='word_1_34' title='bbox 216 1071 377 1149; x_wconf 78' lang='grc' dir='ltr'><strong><em>Πειρίθους</em></strong></span> <span class='ocrx_word' id='word_1_35' title='bbox 688 1083 714 1124; x_wconf 77' lang='grc'><strong>11</strong></span> <span class='ocrx_word' id='word_1_36' title='bbox 724 1067 848 1123; x_wconf 78' lang='grc' dir='ltr'><strong><em>Φαέθων</em></strong></span> 
     </span>
     <span class='ocr_line' id='line_1_14' title="bbox 216 1090 900 1206; baseline -0.001 -15"><span class='ocrx_word' id='word_1_37' title='bbox 216 1090 358 1196; x_wconf 73' lang='grc' dir='ltr'><strong><em>Πελιάδες</em></strong></span> <span class='ocrx_word' id='word_1_38' title='bbox 722 1134 900 1206; x_wconf 71' lang='grc' dir='ltr'><strong><em>Φιλοκτήτης</em></strong></span> 
     </span>
     <span class='ocr_line' id='line_1_15' title="bbox 216 1197 823 1272; baseline -0.003 -14"><span class='ocrx_word' id='word_1_39' title='bbox 216 1197 329 1272; x_wconf 81' lang='grc' dir='ltr'><strong><em>Πηλεύς</em></strong></span> <span class='ocrx_word' id='word_1_40' title='bbox 722 1205 823 1269; x_wconf 84' lang='grc' dir='ltr'><strong><em>Φοινιξ</em></strong></span> 
     </span>
     <span class='ocr_line' id='line_1_16' title="bbox 216 1224 934 1350; baseline 0.001 -26"><span class='ocrx_word' id='word_1_41' title='bbox 216 1224 399 1350; x_wconf 75' lang='grc' dir='ltr'><strong><em>Πλεισθένης</em></strong></span> <span class='ocrx_word' id='word_1_42' title='bbox 722 1273 934 1326; x_wconf 77' lang='grc' dir='ltr'><strong><em>ΦΟΙΝΙΣΣΑΙ</em></strong></span> 
     </span>
    </p>

    <p class='ocr_par' dir='ltr' id='par_1_8' title="bbox 178 1332 979 1488">
     <span class='ocr_line' id='line_1_17' title="bbox 178 1332 979 1419; baseline 0 -27"><span class='ocrx_word' id='word_1_43' title='bbox 178 1351 205 1392; x_wconf 77' lang='grc' dir='ltr'><strong>σο</strong></span> <span class='ocrx_word' id='word_1_44' title='bbox 216 1332 361 1397; x_wconf 86' lang='grc' dir='ltr'><strong><em>Πολύιδος</em></strong></span> <span class='ocrx_word' id='word_1_45' title='bbox 722 1340 826 1403; x_wconf 81' lang='grc' dir='ltr'><strong><em>Φριξος</em></strong></span> <span class='ocrx_word' id='word_1_46' title='bbox 843 1337 979 1419; x_wconf 82' lang='grc' dir='ltr'><strong><em>πρότερος</em></strong></span> 
     </span>
     <span class='ocr_line' id='line_1_18' title="bbox 210 1402 979 1488; baseline 0.003 -31.01"><span class='ocrx_word' id='word_1_47' title='bbox 210 1406 414 1488; x_wconf 58' lang='grc' dir='ltr'><strong><em>Πρωτεσίλαος</em></strong></span> <span class='ocrx_word' id='word_1_48' title='bbox 687 1407 825 1488; x_wconf 62' lang='grc' dir='ltr'><strong><em>εοΦρῖξος</em></strong></span> <span class='ocrx_word' id='word_1_49' title='bbox 844 1402 979 1474; x_wconf 81' lang='grc' dir='ltr'><strong><em>δεύτερος</em></strong></span> 
     </span>
    </p>
   </div>
   <div class='ocr_carea' id='block_1_5' title="bbox 134 1466 889 1594">
    <p class='ocr_par' dir='ltr' id='par_1_9' title="bbox 134 1466 889 1594">
     <span class='ocr_line' id='line_1_19' title="bbox 134 1466 889 1538; baseline -0.001 -12"><span class='ocrx_word' id='word_1_50' title='bbox 134 1485 136 1488; x_wconf 83' lang='grc'><strong>“</strong></span> <span class='ocrx_word' id='word_1_51' title='bbox 210 1466 417 1536; x_wconf 74' lang='grc' dir='ltr'><strong><em>Ραδολμανθος</em></strong></span> <span class='ocrx_word' id='word_1_52' title='bbox 721 1476 889 1538; x_wconf 78' lang='grc' dir='ltr'><strong><em>Χρύσιππος</em></strong></span> 
     </span>
     <span class='ocr_line' id='line_1_20' title="bbox 216 1540 352 1594; baseline -0.015 0"><span class='ocrx_word' id='word_1_53' title='bbox 216 1543 268 1594; x_wconf 90' lang='grc' dir='ltr'><strong>ΡΗ</strong></span> <span class='ocrx_word' id='word_1_54' title='bbox 272 1540 349 1592; x_wconf 92' lang='grc' dir='ltr'><strong>ΣΟ</strong></span> <span class='ocrx_word' id='word_1_55' title='bbox 332 1541 352 1576; x_wconf 68' lang='lat'><strong>⁵²</strong></span> 
     </span>
    </p>
   </div>
   <div class='ocr_carea' id='block_1_6' title="bbox 106 1608 1181 3626">
    <p class='ocr_par' dir='ltr' id='par_1_10' title="bbox 106 1608 1181 3626">
     <span class='ocr_line' id='line_1_21' title="bbox 245 1608 1171 1692; baseline 0.006 -23"><span class='ocrx_word' id='word_1_56' title='bbox 245 1610 430 1669; x_wconf 82' lang='lat' dir='ltr'><strong>Exclusintus</strong></span> <span class='ocrx_word' id='word_1_57' title='bbox 451 1608 488 1670; x_wconf 77' lang='lat' dir='ltr'><strong>ab</strong></span> <span class='ocrx_word' id='word_1_58' title='bbox 510 1609 567 1670; x_wconf 78' lang='lat' dir='ltr'><strong>huc</strong></span> <span class='ocrx_word' id='word_1_59' title='bbox 589 1609 687 1672; x_wconf 82' lang='lat' dir='ltr'><strong>indice</strong></span> <span class='ocrx_word' id='word_1_60' title='bbox 711 1613 866 1686; x_wconf 79' lang='grc' dir='ltr'><strong><em>Γλαῦκον,</em></strong></span> <span class='ocrx_word' id='word_1_61' title='bbox 888 1610 1064 1692; x_wconf 84' lang='grc' dir='ltr'><strong><em>Κερκυόνα,</em></strong></span> <span class='ocrx_word' id='word_1_62' title='bbox 1088 1615 1171 1675; x_wconf 84' lang='grc' dir='ltr'><strong><em>Πεν·</em></strong></span> 
     </span>
     <span class='ocr_line' id='line_1_22' title="bbox 178 1690 1169 1778; baseline 0.009 -26"><span class='ocrx_word' id='word_1_63' title='bbox 178 1690 249 1770; x_wconf 77' lang='grc' dir='ltr'><strong><em>θέα,</em></strong></span> <span class='ocrx_word' id='word_1_64' title='bbox 267 1691 457 1772; x_wconf 81' lang='grc' dir='ltr'><strong><em>Πολύδωρον,</em></strong></span> <span class='ocrx_word' id='word_1_65' title='bbox 471 1694 624 1774; x_wconf 73' lang='grc' dir='ltr'><strong><em>Φαίδρανε</em></strong></span> <span class='ocrx_word' id='word_1_66' title='bbox 649 1713 723 1773; x_wconf 89' lang='lat' dir='ltr'><strong>quae</strong></span> <span class='ocrx_word' id='word_1_67' title='bbox 746 1695 863 1755; x_wconf 87' lang='lat' dir='ltr'><strong>iabuiae</strong></span> <span class='ocrx_word' id='word_1_68' title='bbox 885 1696 1048 1774; x_wconf 79' lang='lat' dir='ltr'><strong>ai¹01yido,</strong></span> <span class='ocrx_word' id='word_1_69' title='bbox 1065 1699 1169 1778; x_wconf 73' lang='lat' dir='ltr'><strong>diona,</strong></span> 
     </span>
     <span class='ocr_line' id='line_1_23' title="bbox 182 1777 1170 1858; baseline 0.006 -22"><span class='ocrx_word' id='word_1_70' title='bbox 182 1777 315 1846; x_wconf 78' lang='lat' dir='ltr'>Bacchis,</span> <span class='ocrx_word' id='word_1_71' title='bbox 339 1777 467 1847; x_wconf 87' lang='lat' dir='ltr'><strong>Hecuba,</strong></span> <span class='ocrx_word' id='word_1_72' title='bbox 491 1778 650 1858; x_wconf 77' lang='lat' dir='ltr'><strong>Hippolyto</strong></span> <span class='ocrx_word' id='word_1_73' title='bbox 673 1780 889 1840; x_wconf 80' lang='lat' dir='ltr'><strong>uendiderunt</strong></span> <span class='ocrx_word' id='word_1_74' title='bbox 910 1783 969 1841; x_wconf 91' lang='lat' dir='ltr'><strong>nisi</strong></span> <span class='ocrx_word' id='word_1_75' title='bbox 992 1779 1087 1842; x_wconf 87' lang='lat' dir='ltr'><strong>titulo.</strong></span> <span class='ocrx_word' id='word_1_76' title='bbox 1116 1802 1170 1842; x_wconf 90' lang='lat' dir='ltr'><strong>ne·</strong></span> 
     </span>
     <span class='ocr_line' id='line_1_24' title="bbox 178 1862 1169 1942; baseline 0.003 -20"><span class='ocrx_word' id='word_1_77' title='bbox 178 1880 240 1938; x_wconf 81' lang='lat' dir='ltr'><strong>que</strong></span> <span class='ocrx_word' id='word_1_78' title='bbox 263 1879 351 1922; x_wconf 86' lang='lat' dir='ltr'><strong>ausus</strong></span> <span class='ocrx_word' id='word_1_79' title='bbox 373 1880 438 1922; x_wconf 93' lang='lat' dir='ltr'><strong>sum</strong></span> <span class='ocrx_word' id='word_1_80' title='bbox 461 1863 618 1924; x_wconf 75' lang='lat' dir='ltr'><strong>admittere</strong></span> <span class='ocrx_word' id='word_1_81' title='bbox 634 1862 765 1942; x_wconf 82' lang='grc' dir='ltr'><strong><em>Νιόβην,</em></strong></span> <span class='ocrx_word' id='word_1_82' title='bbox 789 1882 876 1942; x_wconf 91' lang='lat' dir='ltr'><strong>quam</strong></span> <span class='ocrx_word' id='word_1_83' title='bbox 899 1863 1027 1925; x_wconf 84' lang='lat' dir='ltr'><strong>obscuro</strong></span> <span class='ocrx_word' id='word_1_84' title='bbox 1049 1875 1079 1925; x_wconf 89' lang='lat' dir='ltr'><strong>et</strong></span> <span class='ocrx_word' id='word_1_85' title='bbox 1102 1883 1169 1926; x_wconf 86' lang='lat' dir='ltr'><strong>cor·</strong></span> 
     </span>
     <span class='ocr_line' id='line_1_25' title="bbox 181 1944 1169 2028; baseline 0.006 -23"><span class='ocrx_word' id='word_1_86' title='bbox 181 1954 268 2023; x_wconf 87' lang='lat' dir='ltr'><strong>rupto</strong></span> <span class='ocrx_word' id='word_1_87' title='bbox 290 1944 354 2006; x_wconf 89' lang='grc' dir='ltr'><strong><em>Ιοοο</em></strong></span> <span class='ocrx_word' id='word_1_88' title='bbox 377 1947 543 2008; x_wconf 83' lang='lat' dir='ltr'><strong>Aristotelis</strong></span> <span class='ocrx_word' id='word_1_89' title='bbox 559 1947 641 2008; x_wconf 86' lang='lat' dir='ltr'><strong>Pnet.</strong></span> <span class='ocrx_word' id='word_1_90' title='bbox 665 1966 690 2006; x_wconf 92' lang='lat' dir='ltr'><strong>c.</strong></span> <span class='ocrx_word' id='word_1_91' title='bbox 709 1951 747 2007; x_wconf 89' lang='lat'><strong>18</strong></span> <span class='ocrx_word' id='word_1_92' title='bbox 770 1967 798 2026; x_wconf 86' lang='lat' dir='ltr'><strong>p.</strong></span> <span class='ocrx_word' id='word_1_93' title='bbox 818 1950 898 2008; x_wconf 83' lang='grc'><strong>1456</strong></span> <span class='ocrx_word' id='word_1_94' title='bbox 918 1967 934 2006; x_wconf 91' lang='lat' dir='ltr'><strong>a</strong></span> <span class='ocrx_word' id='word_1_95' title='bbox 958 1953 996 2009; x_wconf 85' lang='grc'><strong>17</strong></span> <span class='ocrx_word' id='word_1_96' title='bbox 1020 1946 1057 2026; x_wconf 81' lang='lat' dir='ltr'><strong>(v.</strong></span> <span class='ocrx_word' id='word_1_97' title='bbox 1079 1949 1169 2028; x_wconf 85' lang='lat' dir='ltr'><strong>Trag.</strong></span> 
     </span>
     <span class='ocr_line' id='line_1_26' title="bbox 178 2030 1172 2108; baseline 0.005 -18"><span class='ocrx_word' id='word_1_98' title='bbox 178 2031 283 2090; x_wconf 79' lang='lat' dir='ltr'><strong>Graec.</strong></span> <span class='ocrx_word' id='word_1_99' title='bbox 319 2030 423 2106; x_wconf 82' lang='lat' dir='ltr'><strong>sragm.</strong></span> <span class='ocrx_word' id='word_1_100' title='bbox 451 2048 479 2108; x_wconf 90' lang='lat' dir='ltr'><strong>p.</strong></span> <span class='ocrx_word' id='word_1_101' title='bbox 505 2032 560 2104; x_wconf 83' lang='lat'><strong>38)</strong></span> <span class='ocrx_word' id='word_1_102' title='bbox 591 2032 713 2090; x_wconf 89' lang='lat' dir='ltr'><strong>minime</strong></span> <span class='ocrx_word' id='word_1_103' title='bbox 746 2030 902 2091; x_wconf 75' lang='lat' dir='ltr'><strong>stabilitam</strong></span> <span class='ocrx_word' id='word_1_104' title='bbox 934 2031 1083 2102; x_wconf 82' lang='lat' dir='ltr'><strong>arbitror,</strong></span> <span class='ocrx_word' id='word_1_105' title='bbox 1117 2044 1172 2095; x_wconf 85' lang='lat' dir='ltr'><strong>aut</strong></span> 
     </span>
     <span class='ocr_line' id='line_1_27' title="bbox 178 2111 1170 2195; baseline 0.005 -23"><span class='ocrx_word' id='word_1_106' title='bbox 178 2111 323 2189; x_wconf 86' lang='grc' dir='ltr'><strong><em>Μυσούς,</em></strong></span> <span class='ocrx_word' id='word_1_107' title='bbox 346 2130 402 2190; x_wconf 87' lang='lat' dir='ltr'><strong>qua</strong></span> <span class='ocrx_word' id='word_1_108' title='bbox 426 2113 462 2172; x_wconf 89' lang='lat' dir='ltr'><strong>de</strong></span> <span class='ocrx_word' id='word_1_109' title='bbox 485 2115 583 2176; x_wconf 83' lang='lat' dir='ltr'><strong>fabula</strong></span> <span class='ocrx_word' id='word_1_110' title='bbox 605 2115 717 2175; x_wconf 88' lang='lat' dir='ltr'><strong>dietum</strong></span> <span class='ocrx_word' id='word_1_111' title='bbox 741 2118 773 2175; x_wconf 93' lang='lat' dir='ltr'><strong>in</strong></span> <span class='ocrx_word' id='word_1_112' title='bbox 795 2115 898 2193; x_wconf 85' lang='lat' dir='ltr'><strong>Eurip.</strong></span> <span class='ocrx_word' id='word_1_113' title='bbox 915 2117 971 2176; x_wconf 89' lang='lat' dir='ltr'><strong>vol.</strong></span> <span class='ocrx_word' id='word_1_114' title='bbox 988 2116 1026 2177; x_wconf 91' lang='lat' dir='ltr'><strong>iii</strong></span> <span class='ocrx_word' id='word_1_115' title='bbox 1048 2135 1077 2195; x_wconf 92' lang='lat' dir='ltr'><strong>p.</strong></span> <span class='ocrx_word' id='word_1_116' title='bbox 1097 2121 1170 2179; x_wconf 89' lang='grc'><strong>146.</strong></span> 
     </span>
     <span class='ocr_line' id='line_1_28' title="bbox 179 2196 1172 2279; baseline 0.006 -21"><span class='ocrx_word' id='word_1_117' title='bbox 179 2200 252 2258; x_wconf 86' lang='lat' dir='ltr'><strong>item</strong></span> <span class='ocrx_word' id='word_1_118' title='bbox 275 2196 346 2258; x_wconf 87' lang='lat' dir='ltr'><strong>aiios</strong></span> <span class='ocrx_word' id='word_1_119' title='bbox 374 2198 460 2257; x_wconf 91' lang='lat' dir='ltr'><strong>omisi</strong></span> <span class='ocrx_word' id='word_1_120' title='bbox 487 2199 590 2260; x_wconf 86' lang='lat' dir='ltr'><strong>titulos</strong></span> <span class='ocrx_word' id='word_1_121' title='bbox 612 2201 851 2269; x_wconf 86' lang='lat' dir='ltr'><strong>commenticios,</strong></span> <span class='ocrx_word' id='word_1_122' title='bbox 876 2218 951 2279; x_wconf 91' lang='lat' dir='ltr'><strong>quos</strong></span> <span class='ocrx_word' id='word_1_123' title='bbox 978 2198 1172 2264; x_wconf 83' lang='lat' dir='ltr'><strong>librariorum</strong></span> 
     </span>
     <span class='ocr_line' id='line_1_29' title="bbox 179 2280 1171 2361; baseline 0.003 -19"><span class='ocrx_word' id='word_1_124' title='bbox 179 2281 334 2342; x_wconf 89' lang='lat' dir='ltr'><strong>erroribus</strong></span> <span class='ocrx_word' id='word_1_125' title='bbox 358 2280 402 2340; x_wconf 91' lang='lat' dir='ltr'><strong>vei</strong></span> <span class='ocrx_word' id='word_1_126' title='bbox 424 2299 477 2340; x_wconf 91' lang='lat' dir='ltr'><strong>sua</strong></span> <span class='ocrx_word' id='word_1_127' title='bbox 500 2281 687 2360; x_wconf 78' lang='lat' dir='ltr'><strong>neglegentia</strong></span> <span class='ocrx_word' id='word_1_128' title='bbox 703 2282 821 2361; x_wconf 86' lang='lat' dir='ltr'><strong>decepti</strong></span> <span class='ocrx_word' id='word_1_129' title='bbox 842 2283 914 2343; x_wconf 87' lang='lat' dir='ltr'><strong>oiim</strong></span> <span class='ocrx_word' id='word_1_130' title='bbox 929 2285 1065 2344; x_wconf 86' lang='lat' dir='ltr'><strong>homines</strong></span> <span class='ocrx_word' id='word_1_131' title='bbox 1088 2285 1171 2346; x_wconf 85' lang='lat' dir='ltr'><strong>docti</strong></span> 
     </span>
     <span class='ocr_line' id='line_1_30' title="bbox 179 2365 1172 2447; baseline 0.003 -21"><span class='ocrx_word' id='word_1_132' title='bbox 179 2367 337 2426; x_wconf 82' lang='lat' dir='ltr'><strong>tinxerant.</strong></span> <span class='ocrx_word' id='word_1_133' title='bbox 372 2366 460 2425; x_wconf 86' lang='lat' dir='ltr'><strong>etiam</strong></span> <span class='ocrx_word' id='word_1_134' title='bbox 473 2365 603 2438; x_wconf 88' lang='lat' dir='ltr'><strong>Lamiam</strong></span> <span class='ocrx_word' id='word_1_135' title='bbox 627 2376 656 2427; x_wconf 91' lang='lat' dir='ltr'><strong>et</strong></span> <span class='ocrx_word' id='word_1_136' title='bbox 670 2367 833 2427; x_wconf 82' lang='lat' dir='ltr'><strong>Temenum</strong></span> <span class='ocrx_word' id='word_1_137' title='bbox 856 2376 925 2427; x_wconf 87' lang='lat' dir='ltr'><strong>sunt</strong></span> <span class='ocrx_word' id='word_1_138' title='bbox 946 2370 998 2446; x_wconf 91' lang='lat' dir='ltr'><strong>qui</strong></span> <span class='ocrx_word' id='word_1_139' title='bbox 1019 2370 1048 2426; x_wconf 92' lang='lat' dir='ltr'><strong>in</strong></span> <span class='ocrx_word' id='word_1_140' title='bbox 1072 2373 1172 2447; x_wconf 84' lang='lat' dir='ltr'><strong>suspi-</strong></span> 
     </span>
     <span class='ocr_line' id='line_1_31' title="bbox 177 2449 1172 2530; baseline 0.004 -21"><span class='ocrx_word' id='word_1_141' title='bbox 177 2452 298 2509; x_wconf 84' lang='lat' dir='ltr'><strong>eionem</strong></span> <span class='ocrx_word' id='word_1_142' title='bbox 335 2457 440 2508; x_wconf 87' lang='lat' dir='ltr'><strong>vocent</strong></span> <span class='ocrx_word' id='word_1_143' title='bbox 472 2458 593 2512; x_wconf 88' lang='lat' dir='ltr'><strong>auctore</strong></span> <span class='ocrx_word' id='word_1_144' title='bbox 629 2449 766 2511; x_wconf 84' lang='lat' dir='ltr'><strong>Eimsleio</strong></span> <span class='ocrx_word' id='word_1_145' title='bbox 799 2453 830 2511; x_wconf 93' lang='lat' dir='ltr'><strong>in</strong></span> <span class='ocrx_word' id='word_1_146' title='bbox 863 2452 933 2511; x_wconf 85' lang='lat' dir='ltr'><strong>Eur.</strong></span> <span class='ocrx_word' id='word_1_147' title='bbox 957 2451 1032 2512; x_wconf 88' lang='lat' dir='ltr'><strong>Med.</strong></span> <span class='ocrx_word' id='word_1_148' title='bbox 1062 2471 1092 2530; x_wconf 86' lang='lat' dir='ltr'><strong>p.</strong></span> <span class='ocrx_word' id='word_1_149' title='bbox 1116 2458 1172 2513; x_wconf 85' lang='lat'><strong>71.</strong></span> 
     </span>
     <span class='ocr_line' id='line_1_32' title="bbox 179 2532 1173 2613; baseline 0.003 -20"><span class='ocrx_word' id='word_1_150' title='bbox 179 2532 278 2610; x_wconf 81' lang='lat' dir='ltr'><strong>Epeus</strong></span> <span class='ocrx_word' id='word_1_151' title='bbox 300 2550 360 2592; x_wconf 88' lang='lat' dir='ltr'><strong>uno</strong></span> <span class='ocrx_word' id='word_1_152' title='bbox 383 2535 487 2593; x_wconf 86' lang='lat' dir='ltr'><strong>nititur</strong></span> <span class='ocrx_word' id='word_1_153' title='bbox 508 2536 694 2602; x_wconf 88' lang='lat' dir='ltr'><strong>testimonio,</strong></span> <span class='ocrx_word' id='word_1_154' title='bbox 719 2536 849 2612; x_wconf 78' lang='lat' dir='ltr'><strong>catalogo</strong></span> <span class='ocrx_word' id='word_1_155' title='bbox 874 2535 1101 2613; x_wconf 84' lang='lat' dir='ltr'><strong>Euripidearum</strong></span> <span class='ocrx_word' id='word_1_156' title='bbox 1125 2539 1173 2596; x_wconf 83' lang='lat' dir='ltr'><strong>fa·</strong></span> 
     </span>
     <span class='ocr_line' id='line_1_33' title="bbox 179 2616 1174 2697; baseline 0.004 -21"><span class='ocrx_word' id='word_1_157' title='bbox 179 2616 316 2677; x_wconf 90' lang='lat' dir='ltr'><strong>bularum</strong></span> <span class='ocrx_word' id='word_1_158' title='bbox 330 2633 435 2677; x_wconf 88' lang='lat' dir='ltr'><strong>manco</strong></span> <span class='ocrx_word' id='word_1_159' title='bbox 451 2617 500 2676; x_wconf 87' lang='lat' dir='ltr'><strong>iilo</strong></span> <span class='ocrx_word' id='word_1_160' title='bbox 515 2619 635 2697; x_wconf 89' lang='lat' dir='ltr'><strong>quidem</strong></span> <span class='ocrx_word' id='word_1_161' title='bbox 651 2637 747 2697; x_wconf 87' lang='lat' dir='ltr'><strong>neque</strong></span> <span class='ocrx_word' id='word_1_162' title='bbox 767 2637 905 2679; x_wconf 92' lang='lat' dir='ltr'><strong>errorum</strong></span> <span class='ocrx_word' id='word_1_163' title='bbox 928 2621 1061 2688; x_wconf 91' lang='lat' dir='ltr'><strong>immuni,</strong></span> <span class='ocrx_word' id='word_1_164' title='bbox 1078 2639 1174 2697; x_wconf 86' lang='lat' dir='ltr'><strong>quern</strong></span> 
     </span>
     <span class='ocr_line' id='line_1_34' title="bbox 177 2701 1175 2782; baseline 0.004 -23"><span class='ocrx_word' id='word_1_165' title='bbox 177 2701 303 2780; x_wconf 84' lang='lat' dir='ltr'><strong>praehet</strong></span> <span class='ocrx_word' id='word_1_166' title='bbox 326 2719 455 2760; x_wconf 89' lang='lat' dir='ltr'><strong>marmor</strong></span> <span class='ocrx_word' id='word_1_167' title='bbox 477 2701 625 2762; x_wconf 80' lang='lat' dir='ltr'><strong>Albanum</strong></span> <span class='ocrx_word' id='word_1_168' title='bbox 650 2701 690 2779; x_wconf 83' lang='lat' dir='ltr'><strong>(C.</strong></span> <span class='ocrx_word' id='word_1_169' title='bbox 714 2703 735 2762; x_wconf 91' lang='lat' dir='ltr'><strong>l.</strong></span> <span class='ocrx_word' id='word_1_170' title='bbox 760 2701 864 2782; x_wconf 82' lang='grc'>6047).</span> <span class='ocrx_word' id='word_1_171' title='bbox 899 2703 1074 2782; x_wconf 75' lang='grc' dir='ltr'><strong><em>Πειρίθους,</em></strong></span> <span class='ocrx_word' id='word_1_172' title='bbox 1095 2702 1175 2763; x_wconf 84' lang='grc' dir='ltr'><strong><em>Τέν-</em></strong></span> 
     </span>
     <span class='ocr_line' id='line_1_35' title="bbox 179 2781 1175 2864; baseline 0.004 -21"><span class='ocrx_word' id='word_1_173' title='bbox 179 2807 249 2860; x_wconf 87' lang='grc' dir='ltr'><strong><em>νης,</em></strong></span> <span class='ocrx_word' id='word_1_174' title='bbox 267 2781 479 2862; x_wconf 79' lang='grc' dir='ltr'><strong><em>Ῥαδάμανθυς</em></strong></span> <span class='ocrx_word' id='word_1_175' title='bbox 508 2795 609 2846; x_wconf 88' lang='lat' dir='ltr'><strong>utrum</strong></span> <span class='ocrx_word' id='word_1_176' title='bbox 632 2786 782 2864; x_wconf 84' lang='lat' dir='ltr'><strong>Euripidis</strong></span> <span class='ocrx_word' id='word_1_177' title='bbox 804 2805 841 2846; x_wconf 93' lang='lat' dir='ltr'><strong>an</strong></span> <span class='ocrx_word' id='word_1_178' title='bbox 864 2786 989 2846; x_wconf 85' lang='lat' dir='ltr'><strong>alierum</strong></span> <span class='ocrx_word' id='word_1_179' title='bbox 1012 2796 1175 2864; x_wconf 87' lang='lat' dir='ltr'><strong>poetarum</strong></span> 
     </span>
     <span class='ocr_line' id='line_1_36' title="bbox 179 2869 1176 2949; baseline 0.005 -23"><span class='ocrx_word' id='word_1_180' title='bbox 179 2875 288 2934; x_wconf 86' lang='lat' dir='ltr'><strong>essent,</strong></span> <span class='ocrx_word' id='word_1_181' title='bbox 311 2872 372 2928; x_wconf 88' lang='lat' dir='ltr'><strong>iam</strong></span> <span class='ocrx_word' id='word_1_182' title='bbox 394 2875 509 2928; x_wconf 92' lang='lat' dir='ltr'><strong>veteres</strong></span> <span class='ocrx_word' id='word_1_183' title='bbox 532 2872 626 2930; x_wconf 87' lang='lat' dir='ltr'><strong>critici</strong></span> <span class='ocrx_word' id='word_1_184' title='bbox 650 2869 832 2930; x_wconf 87' lang='lat' dir='ltr'><strong>dubitar.unt</strong></span> <span class='ocrx_word' id='word_1_185' title='bbox 867 2873 899 2930; x_wconf 92' lang='lat' dir='ltr'><strong>in</strong></span> <span class='ocrx_word' id='word_1_186' title='bbox 922 2881 1078 2949; x_wconf 87' lang='lat' dir='ltr'><strong>suspectae</strong></span> <span class='ocrx_word' id='word_1_187' title='bbox 1101 2873 1176 2931; x_wconf 87' lang='lat' dir='ltr'><strong>fidei</strong></span> 
     </span>
     <span class='ocr_line' id='line_1_37' title="bbox 179 2950 1177 3031; baseline 0.005 -21"><span class='ocrx_word' id='word_1_188' title='bbox 179 2950 286 3010; x_wconf 86' lang='lat' dir='ltr'><strong>tabuiis</strong></span> <span class='ocrx_word' id='word_1_189' title='bbox 316 2954 403 3011; x_wconf 88' lang='lat' dir='ltr'><strong>etiam</strong></span> <span class='ocrx_word' id='word_1_190' title='bbox 425 2952 540 3013; x_wconf 86' lang='lat' dir='ltr'><strong>Rhesus</strong></span> <span class='ocrx_word' id='word_1_191' title='bbox 567 2963 720 3030; x_wconf 80' lang='lat' dir='ltr'><strong>superstes</strong></span> <span class='ocrx_word' id='word_1_192' title='bbox 741 2953 885 3022; x_wconf 89' lang='lat' dir='ltr'><strong>habetur,</strong></span> <span class='ocrx_word' id='word_1_193' title='bbox 914 2952 948 3014; x_wconf 80' lang='grc' dir='ltr'><strong><em>ἐν</em></strong></span> <span class='ocrx_word' id='word_1_194' title='bbox 974 2952 1075 3031; x_wconf 82' lang='grc' dir='ltr'><strong><em>μέντοι</em></strong></span> <span class='ocrx_word' id='word_1_195' title='bbox 1104 2961 1177 3026; x_wconf 84' lang='grc' dir='ltr'><strong><em>ταῖς</em></strong></span> 
     </span>
     <span class='ocr_line' id='line_1_38' title="bbox 176 3031 1177 3118; baseline 0.005 -24"><span class='ocrx_word' id='word_1_196' title='bbox 176 3035 383 3106; x_wconf 83' lang='grc' dir='ltr'><strong><em>διδασκαλίαις</em></strong></span> <span class='ocrx_word' id='word_1_197' title='bbox 405 3031 446 3108; x_wconf 84' lang='grc' dir='ltr'><strong>ὡς</strong></span> <span class='ocrx_word' id='word_1_198' title='bbox 467 3035 592 3116; x_wconf 77' lang='grc' dir='ltr'><strong><em>γνήσιον</em></strong></span> <span class='ocrx_word' id='word_1_199' title='bbox 613 3035 646 3096; x_wconf 84' lang='grc' dir='ltr'><strong>τὸ</strong></span> <span class='ocrx_word' id='word_1_200' title='bbox 669 3037 768 3116; x_wconf 79' lang='grc' dir='ltr'><strong><em>δρᾶμα</em></strong></span> <span class='ocrx_word' id='word_1_201' title='bbox 795 3033 1014 3118; x_wconf 73' lang='grc' dir='ltr'><strong><em>ἀναγέγραπται</em></strong></span> <span class='ocrx_word' id='word_1_202' title='bbox 1036 3038 1177 3117; x_wconf 78' lang='lat' dir='ltr'><strong>(Argum.</strong></span> 
     </span>
     <span class='ocr_line' id='line_1_39' title="bbox 179 3118 1178 3197; baseline 0.005 -19"><span class='ocrx_word' id='word_1_203' title='bbox 179 3118 290 3196; x_wconf 86' lang='lat' dir='ltr'><strong>Rhes).</strong></span> <span class='ocrx_word' id='word_1_204' title='bbox 336 3121 461 3197; x_wconf 81' lang='lat' dir='ltr'><strong>satyrica</strong></span> <span class='ocrx_word' id='word_1_205' title='bbox 485 3121 616 3181; x_wconf 89' lang='lat' dir='ltr'><strong>dramata</strong></span> <span class='ocrx_word' id='word_1_206' title='bbox 641 3129 708 3181; x_wconf 88' lang='lat' dir='ltr'><strong>octo</strong></span> <span class='ocrx_word' id='word_1_207' title='bbox 730 3121 768 3182; x_wconf 86' lang='lat' dir='ltr'><strong>ab</strong></span> <span class='ocrx_word' id='word_1_208' title='bbox 795 3121 986 3182; x_wconf 83' lang='lat' dir='ltr'><strong>veteribus⁰</strong></span> <span class='ocrx_word' id='word_1_209' title='bbox 969 3125 1178 3197; x_wconf 84' lang='lat' dir='ltr'><strong>grammaticis</strong></span> 
     </span>
     <span class='ocr_line' id='line_1_40' title="bbox 178 3203 1178 3285; baseline 0.006 -24"><span class='ocrx_word' id='word_1_210' title='bbox 178 3211 388 3271; x_wconf 87' lang='lat' dir='ltr'><strong>numerantur,</strong></span> <span class='ocrx_word' id='word_1_211' title='bbox 419 3203 604 3282; x_wconf 87' lang='lat' dir='ltr'><strong>eundemque</strong></span> <span class='ocrx_word' id='word_1_212' title='bbox 635 3224 790 3267; x_wconf 91' lang='lat' dir='ltr'><strong>numerum</strong></span> <span class='ocrx_word' id='word_1_213' title='bbox 813 3223 867 3265; x_wconf 93' lang='lat' dir='ltr'><strong>nos</strong></span> <span class='ocrx_word' id='word_1_214' title='bbox 897 3209 1101 3285; x_wconf 86' lang='lat' dir='ltr'><strong>assequimur.</strong></span> <span class='ocrx_word' id='word_1_215' title='bbox 1126 3208 1178 3268; x_wconf 91' lang='lat' dir='ltr'><strong>iu·</strong></span> 
     </span>
     <span class='ocr_line' id='line_1_41' title="bbox 178 3283 1179 3369; baseline 0.005 -24"><span class='ocrx_word' id='word_1_216' title='bbox 178 3295 267 3347; x_wconf 85' lang='lat' dir='ltr'><strong>erunt</strong></span> <span class='ocrx_word' id='word_1_217' title='bbox 294 3289 374 3347; x_wconf 80' lang='lat' dir='ltr'><strong>enim</strong></span> <span class='ocrx_word' id='word_1_218' title='bbox 403 3291 526 3368; x_wconf 81' lang='lat' dir='ltr'><strong>satyrica</strong></span> <span class='ocrx_word' id='word_1_219' title='bbox 556 3283 747 3366; x_wconf 65' lang='lat' dir='ltr'><strong>Aristidem,</strong></span> <span class='ocrx_word' id='word_1_220' title='bbox 782 3288 938 3367; x_wconf 76' lang='grc' dir='ltr'><strong><em>Βούσιρις,</em></strong></span> <span class='ocrx_word' id='word_1_221' title='bbox 972 3286 1179 3369; x_wconf 77' lang='grc' dir='ltr'><strong><em>Εὐρυσθεύς,</em></strong></span> 
     </span>
     <span class='ocr_line' id='line_1_42' title="bbox 106 3369 1179 3456; baseline 0.007 -27"><span class='ocrx_word' id='word_1_222' title='bbox 106 3445 111 3456; x_wconf 91' lang='lat'><strong>.</strong></span> <span class='ocrx_word' id='word_1_223' title='bbox 179 3371 327 3448; x_wconf 86' lang='grc' dir='ltr'><strong><em>Θεριοιαί,</em></strong></span> <span class='ocrx_word' id='word_1_224' title='bbox 350 3369 497 3449; x_wconf 85' lang='grc' dir='ltr'><strong><em>Κύκλωψ,</em></strong></span> <span class='ocrx_word' id='word_1_225' title='bbox 520 3373 668 3448; x_wconf 80' lang='grc' dir='ltr'><strong><em>Σίσυφος,</em></strong></span> <span class='ocrx_word' id='word_1_226' title='bbox 691 3373 841 3452; x_wconf 86' lang='grc' dir='ltr'><strong><em>Σκείρων,</em></strong></span> <span class='ocrx_word' id='word_1_227' title='bbox 864 3369 990 3446; x_wconf 86' lang='grc' dir='ltr'><strong><em>Σολεύς</em></strong></span> <span class='ocrx_word' id='word_1_228' title='bbox 1035 3375 1087 3434; x_wconf 85' lang='lat' dir='ltr'><strong>sed</strong></span> <span class='ocrx_word' id='word_1_229' title='bbox 1116 3377 1179 3436; x_wconf 84' lang='grc' dir='ltr'><strong><em>Θε-</em></strong></span> 
     </span>
     <span class='ocr_line' id='line_1_43' title="bbox 177 3415 1181 3538; baseline 0.006 -26"><span class='ocrx_word' id='word_1_230' title='bbox 177 3463 287 3530; x_wconf 81' lang='grc' dir='ltr'><strong><em>ριστών</em></strong></span> <span class='ocrx_word' id='word_1_231' title='bbox 314 3415 480 3517; x_wconf 60' lang='lat' dir='ltr'><strong>daturam</strong></span> <span class='ocrx_word' id='word_1_232' title='bbox 472 3475 529 3516; x_wconf 86' lang='lat' dir='ltr'><strong>ram</strong></span> <span class='ocrx_word' id='word_1_233' title='bbox 560 3466 627 3516; x_wconf 88' lang='lat' dir='ltr'><strong>ante</strong></span> <span class='ocrx_word' id='word_1_234' title='bbox 652 3458 854 3536; x_wconf 79' lang='lat' dir='ltr'><strong>Aristophanis</strong></span> <span class='ocrx_word' id='word_1_235' title='bbox 882 3459 1015 3538; x_wconf 82' lang='lat' dir='ltr'><strong>Byzantii</strong></span> <span class='ocrx_word' id='word_1_236' title='bbox 1043 3468 1181 3520; x_wconf 87' lang='lat' dir='ltr'><strong>aetatem</strong></span> 
     </span>
     <span class='ocr_line' id='line_1_44' title="bbox 178 3539 1181 3626; baseline 0.006 -28"><span class='ocrx_word' id='word_1_237' title='bbox 178 3539 329 3616; x_wconf 80' lang='lat' dir='ltr'><strong>perditam</strong></span> <span class='ocrx_word' id='word_1_238' title='bbox 354 3542 433 3601; x_wconf 87' lang='lat' dir='ltr'><strong>inter</strong></span> <span class='ocrx_word' id='word_1_239' title='bbox 455 3549 522 3601; x_wconf 86' lang='lat' dir='ltr'><strong>octo</strong></span> <span class='ocrx_word' id='word_1_240' title='bbox 545 3539 610 3601; x_wconf 88' lang='lat' dir='ltr'><strong>ilias</strong></span> <span class='ocrx_word' id='word_1_241' title='bbox 638 3543 899 3618; x_wconf 82' lang='lat' dir='ltr'><strong>grammaticorum</strong></span> <span class='ocrx_word' id='word_1_242' title='bbox 926 3543 1042 3604; x_wconf 80' lang='lat' dir='ltr'><strong>tabulas</strong></span> <span class='ocrx_word' id='word_1_243' title='bbox 1064 3547 1181 3626; x_wconf 78' lang='lat' dir='ltr'><strong>satyri·</strong></span> 
     </span>
    </p>
   </div>
   <div class='ocr_carea' id='block_1_7' title="bbox 0 0 1265 3934">
    <p class='ocr_par' dir='ltr' id='par_1_11' title="bbox 0 0 1265 3934">
     <span class='ocr_line' id='line_1_45' title="bbox 0 0 1265 3934; baseline 0 0"><span class='ocrx_word' id='word_1_244' title='bbox 0 0 1265 3934; x_wconf 95' lang='lat' dir='ltr'><strong> </strong></span> 
     </span>
    </p>
   </div>
   <div class='ocr_carea' id='block_1_8' title="bbox 1258 163 1261 838">
    <p class='ocr_par' dir='ltr' id='par_1_12' title="bbox 1258 163 1261 838">
     <span class='ocr_line' id='line_1_46' title="bbox 1258 163 1261 838; baseline 0 0"><span class='ocrx_word' id='word_1_245' title='bbox 1258 163 1261 838; x_wconf 95' lang='lat' dir='ltr'><strong> </strong></span> 
     </span>
    </p>
   </div>
   <div class='ocr_carea' id='block_1_9' title="bbox 1258 1007 1260 1700">
    <p class='ocr_par' dir='ltr' id='par_1_13' title="bbox 1258 1007 1260 1700">
     <span class='ocr_line' id='line_1_47' title="bbox 1258 1007 1260 1700; baseline 0 0"><span class='ocrx_word' id='word_1_246' title='bbox 1258 1007 1260 1700; x_wconf 95' lang='lat' dir='ltr'><strong> </strong></span> 
     </span>
    </p>
   </div>
  </div>
 </body>
</html>
