2517 3934
187 187 251 253 842
435 188 644 255 ΗΡΑΚΛΗΣ
660 188 969 249 ΜΑΙΝΟΜΕΝΟΣ

303 366 404 448 φίλας
418 352 559 445 άμοιβάς
574 352 720 444 όμμασιν
732 356 946 445 δεδορκότεςι

303 459 368 548 ἐγώ
386 462 440 547 δέ,
455 466 520 528 νῦν
534 457 598 547 γάρ
613 466 671 546 τῆς
685 462 764 546 ἐμῆς
779 465 880 545 ἔργον
892 457 998 548 χερός,
1150 476 1197 533 σω

304 561 514 654 πρῶτονμὲν
529 561 595 649 είμι
609 562 666 629 καὶ
679 561 881 642 κατασκάψω
895 560 1021 648 δόμους

304 671 432 735 καινῶν
445 664 641 753 τυράννων,
659 670 766 751 κρᾶτα
779 660 812 731 δ’
829 660 968 733 άνόσιον
981 654 1097 751 τεμόιν

304 771 393 856 ῥίψω
407 774 523 835 κυνωυ
536 769 678 852 ἕλκημα·
693 770 876 852 Καδμείων
890 762 923 833 δ’
941 761 1044 845 ὅσους

240 897 280 1007 ιη
303 866 426 949 κακοὺς
438 870 587 957 ἐφηῦρον
603 858 643 935 εὖ
657 866 829 947 παθόντας
844 870 983 967 &aoth

302 978 348 1064 τῷ
363 977 545 1062 καλλινίκῳ
558 966 640 1062 τῷδ’
656 965 750 1061 ὅπλφ
763 969 980 1058 χειρώσομαι·
1150 984 1198 1041 570

303 1072 382 1154 τοὺς
396 1074 433 1143 δὲ
448 1086 628 1161 πτερωτοῖς
643 1077 820 1158 διαφορῶν
832 1072 1010 1159 τοξεύμασι

303 1182 435 1264 νεκρῶν
447 1169 562 1244 ἅπαντ’
575 1169 728 1263 Ἰσμηυδν
741 1173 897 1261 ἐμπλήσω
912 1173 1032 1261 φόνου,

304 1285 433 1368 Δίρκης
447 1304 483 1345 τε
496 1283 586 1363 νᾶμα
599 1280 724 1347 λευκόν
737 1276 989 1364 αίμαχθήσεται.

303 1386 350 1472 τῷ
364 1380 428 1470 γάρ
442 1376 471 1467 μ’
490 1375 632 1466 άμόυειν
647 1373 809 1467 μᾶλλονή
825 1378 968 1468 δάμαρτι
980 1375 1042 1468 χρή

304 1483 361 1550 καὶ
375 1483 470 1550 παισὶ
483 1482 539 1579 καί
553 1484 706 1570 γέρουτι;
724 1480 912 1569 χαιρόντων
925 1480 1039 1550 πόνοι·
1151 1498 1198 1553 575

186 1582 189 1587 ’
303 1583 410 1672 μάτην
424 1581 489 1670 γάρ
503 1578 628 1663 αὐτοὺς
641 1588 749 1653 τῶνδε
762 1590 891 1671 μᾶλλον
906 1580 1027 1671 ήυυσα.

303 1687 360 1755 καί
374 1691 429 1754 δεῖ
439 1681 468 1773 μ’
485 1681 571 1773 ὑπὲρ
585 1684 701 1771 τόνδ’,
719 1695 812 1775 είπερ
827 1681 894 1754 οἵδ’
910 1681 995 1774 ὑπὲρ
1008 1683 1151 1773 πατρός,

304 1788 469 1876 θνήσκειν
482 1784 659 1875 ἀμύνοντ’·
681 1783 703 1876 ἢ
718 1795 753 1857 τί
765 1787 917 1876 φήσομεν
929 1784 1034 1856 καλόν

305 1887 394 1981 ὕδρα
407 1890 469 1978 μὲν
484 1892 598 1960 ἐλθεῖν
616 1895 662 1971 είς
677 1890 787 1979 μάχην
800 1892 914 1959 λέοντί
924 1916 960 1959 τε

305 1990 514 2082 Εὐρυσθέως
528 2008 712 2080 πομπαῖσι,
729 2000 797 2061 τόν
812 1988 843 2061 δ’
861 1995 951 2080 ἐμῶν
964 1992 1095 2061 τέκνων
1150 2008 1202 2062 585

306 2092 370 2165 οὐκ
385 2094 558 2182 ἐκπονήσω
572 2095 741 2177 θάνατονς
758 2091 821 2162 οὐκ
835 2090 884 2181 ἄρ’
896 2091 1061 2182 Ἡρακλῆς

305 2195 323 2266 δ
339 2204 528 2277 καλλίνικος
543 2192 588 2278 τός
602 2196 748 2285 πάροιθε
762 2198 906 2284 λέξομαι.

146 2296 165 2399 [χ
192 2307 262 2369 XO.
302 2305 415 2369 δίκαια
429 2298 507 2379 τούς
520 2294 677 2378 τεκόντας
693 2295 839 2388 ὠφελεῖν
851 2301 951 2368 τέκνα

305 2396 430 2490 τίαῖἕρα
444 2428 479 2470 τε
496 2403 647 2491 πρέσβυν
660 2401 722 2489 τήν
735 2429 770 2470 τε
784 2399 951 2471 κοινωνὸν
964 2398 1094 2487 γάμων.

191 2511 272 2573 ΑΜ.
300 2502 384 2593 πρός
397 2510 459 2572 σοῦ
473 2506 552 2590 μέν,
571 2494 687 2590 όπαῖ,
704 2519 773 2585 τοῖς
786 2511 898 2592 φίλοις
913 2501 998 2571 εἶναι
1012 2508 1120 2590 φίλον
1153 2520 1203 2574 585

216 2644 219 2650 ·
305 2606 345 2674 τά
358 2603 382 2675 τ’
399 2603 504 2695 ἐχθρά
519 2621 645 2692 μισεῖν·
667 2603 752 2674 άλλά
765 2604 810 2694 μή
826 2610 961 2691 ἐπείγου
975 2610 1062 2673 λίαν.

192 2715 260 2776 ΗΡ.
301 2715 337 2776 τί
346 2704 378 2777 δ’
395 2710 464 2778 ἐστί
478 2714 585 2778 τάνδε
599 2715 729 2777 θᾶσσον
744 2703 766 2796 ή
779 2708 905 2797 χρεόν,
923 2707 1044 2797 πάτερ;

190 2819 272 2879 ΑΜ.
304 2809 449 2891 πολλοὺς
462 2813 614 2899 πένητας,
630 2808 768 2899 ὀλβίους
782 2810 819 2880 δὲ
832 2816 879 2903 τῷ
893 2809 982 2901 λόγῳ

305 2918 489 2991 δοκοῦντας
503 2911 588 2981 εἶναι
601 2914 795 3002 συμμάχους
808 2910 890 2994 ἅναξ
906 2920 984 2999 ἔχει,
1239 2885 1241 2986 δ

307 3023 342 3084 ολ·
352 3014 468 3083 στάσιν
482 3022 611 3103 ἔθηκαν
624 3019 681 3086 καί
695 3017 861 3086 διώλεσαν
870 3015 977 3084 ’πόλιν
1153 3033 1205 3087 590

306 3114 357 3205 ἐφ’
373 3114 555 3208 ἁρπαγαῖσι
569 3126 639 3186 τόν
652 3121 771 3206 πέλας,
785 3117 825 3188 τά
841 3115 874 3187 δ’
891 3122 928 3187 ἐν
942 3115 1058 3205 δόμοις
1238 3085 1239 3168 δ

308 3221 490 3291 δαπάναισι
504 3225 640 3307 φροῦδα
655 3217 863 3307 διαφυγόνθ’
880 3217 935 3289 ὑπ’
951 3182 1117 3307 άργίαςί(

310 3320 430 3409 ὤφθης
444 3319 599 3389 ἐσελθών
614 3317 729 3389 πόλιν·
758 3324 830 3391 ἐπεὶ
844 3318 876 3390 δ’
895 3310 1033 3409 ὤφθης,
1047 3316 1112 3409 όρα
1237 3363 1238 3386 ι

309 3421 452 3508 ἐχθροὺς
465 3419 628 3508 ά-θροίσας
641 3419 686 3508 μή
700 3420 791 3509 παρά
804 3422 942 3511 γνάμην
956 3426 1067 3513 πόσης.
1237 3393 1238 3452 δ

198 3528 265 3589 ΗΡ.
307 3524 397 3606 μίλει
410 3520 472 3609 μδν
487 3517 588 3589 οὐδὲν
603 3530 638 3589 εί
646 3548 688 3609 με
703 3518 783 3591 πᾶσ’
800 3522 891 3592 είδευ
904 3524 1016 3605 πόλις·
1153 3543 1209 3599 595
