2517 3934
194 163 313 215 XLVIII
345 162 396 213 DE
415 158 1172 215 conic1uvsuvmt'1nuisuuun1r10nmvs

194 313 315 376 Photius
338 313 407 374 Lex.
431 332 460 393 p.
485 317 557 392 168,
580 317 636 374 13:
659 317 768 396 κλῇσαι
789 313 820 373 ολ
838 307 955 392 ἀρχαῖοι
976 309 1130 393 λέγουσιν,
1151 308 1191 374 orl

195 402 316 475 κλεῖσαι,
339 396 390 458 καλ
409 397 519 480 cipido·
542 394 622 458 οιλιω
643 394 695 456 καὶ
710 397 741 457 ολ
760 395 893 476 τραγικοὶ
912 394 965 458 καλ
986 395 1189 476 Θουκυδίδης.

194 483 305 542 formas
326 481 438 560 αἰετός,
459 481 568 559 κλαίω,
589 480 666 540 uolo
696 483 817 558 tragicis
839 484 937 560 poetis
958 497 1018 542 non
1042 480 1190 558 abrogan-

195 566 247 626 das
274 564 421 626 arbitror:
449 568 522 626 item
548 567 657 644 opinor
684 565 746 626 αἰεί
769 565 985 634 revocandum,
1019 563 1071 625 ubl
1105 567 1190 644 prior

196 649 309 730 syllaba
331 651 525 727 producatur,
560 650 596 710 ci.
622 647 774 710 Wecklein
798 649 867 710 Cur.
890 650 983 728 epigr.
1006 667 1035 727 p.
1060 651 1100 710 63
1123 667 1188 728 sqq.

195 735 234 795 de
262 736 414 813 praesenti
444 741 472 793 et
504 734 604 793 luturo
633 733 746 794 lormae
774 733 907 810 passivae
933 741 964 794 et
991 732 1109 792 mediae
1134 734 1190 794 du·

195 817 309 879 bitatur
330 825 431 877 utrum
460 816 567 877 litteris
592 818 644 875 HI
668 834 705 877 an
734 818 785 876 EI
809 817 939 878 secunda
967 834 1095 894 persona
1131 836 1189 878 nu·
1255 840 1256 845 ¹

196 903 272 962 meri
287 900 448 976 singularis
469 901 545 979 apud
571 901 702 978 tragicos
715 900 845 961 Graecos
867 899 1025 962 scribenda
1045 902 1092 961 sit.
1128 900 1188 963 dis·

196 986 330 1046 sentiunt
353 1003 387 1046 ea
408 985 446 1045 de
467 1003 501 1046 re
523 986 602 1045 inter
625 1003 659 1046 se
680 991 798 1045 veteres
819 987 1013 1062 grammatici,
1036 982 1114 1046 tituli
1136 1003 1190 1045 nos

196 1070 368 1130 destituunt.
400 1087 454 1146 ego
469 1077 624 1148 receptum
641 1086 756 1130 morem
775 1076 895 1128 secutus
909 1071 957 1128 EI
973 1067 1189 1146 diphthongum

197 1152 333 1232 praetuli,
356 1171 413 1214 nec
435 1163 534 1215 tamen
557 1155 653 1214 ausim
676 1152 768 1213 libros
783 1153 844 1212 vitii
860 1169 994 1230 arguere,
1010 1155 1049 1214 in
1072 1153 1187 1231 quibus,

195 1239 258 1300 sia
287 1238 392 1298 lormis
418 1237 519 1318 βούλει
546 1237 603 1298 οἴει
625 1235 696 1312 ὄψει
718 1237 911 1305 discesseris,
943 1238 1113 1297 terminatio
1135 1239 1188 1296 HI

195 1321 290 1382 multo
313 1329 358 1382 est
380 1319 618 1400 frequentiortt).

259 1404 401 1466 Rationes
423 1406 621 1465 mutationum
643 1413 812 1466 nostrarum
829 1402 873 1464 vel
895 1405 1098 1482 suspicionum
1119 1405 1188 1466 red·

196 1488 268 1548 ders
290 1505 345 1567 per
374 1490 573 1548 annotationis
596 1490 717 1548 criticae
745 1490 895 1564 angustias
917 1505 977 1548 non
999 1489 1091 1549 licuit.
1136 1489 1187 1550 sed
1257 1520 1258 1531 .

196 1570 312 1651 plenius
335 1579 365 1633 et
385 1575 554 1633 accuratius
577 1571 614 1631 de
638 1572 772 1650 piurimis
788 1571 939 1650 Euripidis
961 1570 1033 1634 locis
1055 1572 1187 1651 disputa·

197 1657 291 1717 vimus
313 1656 345 1715 iu
372 1655 673 1716 commentationibus
703 1655 818 1718 duabus
845 1655 855 1729 (
862 1657 1095 1731 campidonam
1115 1657 1188 1718 Stu-

196 1742 282 1809 dieo,
305 1739 327 1800 l.
350 1738 398 1816 ΙΙ.)
421 1738 574 1817 Petropoli
602 1758 627 1800 a.
653 1742 735 1802 1859
764 1746 792 1800 et
822 1742 903 1802 1862
933 1739 1034 1800 editis:
1063 1759 1188 1819 quarum

198 1825 280 1900 prior
306 1830 421 1901 spectat
448 1823 483 1883 ad
506 1823 577 1884 llec.
602 1823 654 1885 Or.
678 1824 788 1884 Phoen.
810 1823 902 1890 bled,
926 1823 1018 1886 altera
1040 1824 1076 1884 ad
1099 1823 1188 1903 llipp.

197 1907 259 1969 dle.
281 1907 372 1968 Andr.
388 1906 457 1967 Tro.
482 1907 572 1968 Rhes.
597 1906 740 1969 similiter
763 1907 800 1967 de
823 1909 930 1968 ceteris
952 1906 1056 1968 decem
1078 1908 1188 1971 labulis

197 1992 345 2052 disserere
373 1992 527 2052 inanimo
555 2001 634 2053 erat:
664 1989 743 2070 quod
771 1990 926 2052 consilium
949 1993 1110 2068 quominus
1136 2012 1187 2054 ex·

196 2092 394 2154 sequeremur
416 2073 594 2136 obstiterunt
620 2075 718 2135 adhuc
740 2074 832 2137 multa
852 2083 882 2136 et
903 2077 983 2136 varia
1005 2075 1115 2155 quibus
1135 2077 1188 2137 ob·

198 2162 259 2220 ruti
281 2176 401 2220 eramus
429 2161 559 2234 negotia.
604 2158 764 2220 accedebat
786 2159 864 2235 qnod
892 2159 1190 2222 commentationibus

197 2240 255 2303 illis
277 2243 396 2320 seriptis
419 2248 449 2302 et
471 2243 558 2304 editis
586 2241 718 2304 laborem
744 2260 840 2321 paene
868 2244 987 2304 irritum
1010 2262 1025 2304 a
1047 2261 1096 2306 me
1125 2263 1189 2305 sus-

196 2333 317 2404 ceptum
357 2343 423 2387 essa
460 2343 527 2386 sero
567 2325 710 2388 intellexi.
764 2328 905 2390 nimirum
942 2328 1042 2388 idonei
1077 2327 1190 2389 iudices

197 2408 372 2489 plerumque
395 2408 484 2470 nullis
504 2410 640 2488 indigent
661 2413 852 2488 argumentis,
876 2410 983 2491 quihus
1004 2412 1189 2473 coniectura·

196 2511 263 2555 rum
286 2493 479 2572 probabilitas
493 2493 540 2554 vel
563 2495 802 2556 emendationum
817 2497 981 2557 necessitas
1002 2495 1190 2557 demonstre-

199 2585 261 2638 tur:
280 2580 332 2655 qui
347 2595 400 2656 per
415 2597 448 2640 se
463 2597 568 2658 sapere
584 2596 643 2639 ncn
660 2578 827 2649 didicerint,
845 2581 931 2641 etiam
947 2579 1189 2657 gravissimarum

196 2663 346 2724 rationum
369 2663 428 2724 vim
454 2662 600 2724 machinis
622 2664 878 2742 qualibuscunque
908 2662 1132 2741 subterfugiant
1161 2671 1191 2724 et

197 2744 325 2807 eludent.
370 2764 437 2806 eum
472 2747 580 2808 scirem
612 2747 778 2825 philologos
811 2745 953 2826 quosdam
987 2747 1129 2824 (rectius,
1159 2755 1192 2808 nt

196 2829 318 2906 opinor,
347 2828 526 2908 φιλαλόγους
553 2829 681 2911 dixeris)
711 2830 863 2910 quaelibet
897 2831 1033 2892 codicum
1061 2833 1133 2894 vitia
1163 2839 1192 2892 et

195 2910 382 2972 foedissimas
405 2912 652 2992 interpolationes
674 2914 721 2976 vel
751 2932 893 2976 excusare
913 2915 959 2976 rel
981 2913 1119 2976 laudibus
1141 2934 1191 2976 ex·

263 3107 308 3177 98)
327 3111 424 3174 Nuper
441 3110 514 3163 hane
533 3113 726 3177 quaestionem
743 3114 841 3178 tetIgtt
853 3114 1001 3166 WeckleIn
1020 3113 1084 3165 Cur.
1104 3116 1192 3180 epigr.

197 3192 225 3243 p.
239 3179 280 3237 32,
298 3177 347 3242 qui
362 3176 534 3244 diphthongo
547 3179 591 3230 ΕΙ
608 3181 807 3244 patrocinatur.
827 3182 863 3231 ad
881 3182 1011 3232 tuendam
1025 3183 1194 3247 scripturam

197 3259 216 3311 g
233 3243 350 3294 vidImus
367 3259 497 3309 perverse
515 3245 653 3311 prolatum
671 3247 761 3298 locum
774 3248 925 3313 Phryniohi
943 3250 973 3300 in
984 3249 1090 3300 Aueed.
1102 3250 1193 3305 Belsh,

197 3325 224 3376 p.
237 3312 285 3387 „¹⁰2
303 3312 349 3362 28:
370 3303 504 3379 ἄποφέρῃ
521 3309 630 3364 πλέων·
649 3309 713 3365 olon
725 3310 882 3383 παραφέρῃ
899 3313 949 3367 καλ
961 3308 1122 3384 καρασόρῃ,
1141 3309 1193 3367 διὰ

197 3391 249 3427 ‘coo
267 3393 295 3442 η,
313 3378 362 3427 ubi
378 3381 465 3430 verba
485 3385 609 3430 extrema
628 3381 750 3432 absurda
769 3387 849 3433 suuis
870 3383 894 3433 si
912 3398 982 3433 saue
1001 3389 1103 3445 esseut,
1123 3384 1194 3433 Indi·

197 3447 278 3494 caret
296 3445 469 3510 Phrynichus
487 3447 648 3514 plerumque
660 3448 773 3500 Atticos
788 3463 823 3514 ιι,
842 3465 936 3516 rarop
954 3451 1031 3501 iulis
1045 3450 1195 3516 dequibus

196 3509 293 3576 agitur
310 3512 405 3564 formis
422 3528 579 3581 usurpasse.
