2517 3934
174 137 252 188 XXX
458 133 509 184 DE
527 131 711 185 EVRIPIDIS
728 131 882 184 munuli)

175 287 260 348 lacilc
293 283 446 364 intelleget
473 288 525 365 qui
557 283 693 345 vocabuli
725 276 816 361 σοφός
849 303 934 345 usum
970 284 1165 366 Euripideum

174 368 391 451 attenderitih.
436 369 641 450 philosophiae
663 377 723 429 tam
746 370 896 430 studiosus
919 370 1076 448 Euripides
1098 373 1166 442 luit,

175 465 207 518 ul
228 458 316 518 etiam
339 454 425 533 vulgo
447 455 610 534 sapientiae
633 454 719 534 adyta
735 459 892 534 temptaret
913 456 1079 516 recludere.
1111 457 1166 517 de·

175 541 235 602 dita
270 542 360 618 igitur
392 557 483 619 opera
519 538 689 600 sublimium
723 557 824 599 rerum
855 539 1102 618 disceptationem
1134 542 1165 600 in

175 643 279 686 scaena
301 626 429 684 instituit
451 630 481 685 et
502 622 756 704 philosophemata
773 624 918 700 quaedam
939 624 1101 685 identidem
1118 629 1162 686 ci-

174 709 260 771 vibus
288 711 452 789 proposuit.
496 727 571 789 quae
594 726 652 786 quo
682 707 794 768 lucilius
816 709 846 767 in
874 717 1077 786 spectatorum
1100 712 1163 770 ani·

175 813 238 854 mos
260 812 292 854 se
313 796 508 862 insinuarent,
531 795 568 853 iis
590 793 775 871 potissimum
791 794 928 871 personis
949 793 1060 853 tributa
1083 795 1163 854 vide·

174 898 254 947 mus,
283 877 357 956 qu'as
379 876 457 938 ultra
479 878 582 956 vulgus
605 895 710 956 sapere
739 895 797 936 non
821 885 898 936 esset
919 876 1081 954 probabile.
1126 879 1163 939 ab
1242 916 1243 921 κ

174 965 240 1024 istis
262 962 377 1022 arcanis
399 980 459 1022 non
481 965 589 1023 mirum
607 960 786 1038 aliquamdiu
808 961 1032 1022 Atheniensium
1047 964 1162 1023 animos

174 1065 293 1107 aversos
315 1047 423 1107 luisse:
451 1047 502 1106 sed
526 1054 558 1107 ut
580 1046 629 1108 alii
657 1053 762 1124 poetae
790 1047 829 1106 ita
853 1045 1010 1123 Euripides
1037 1048 1161 1124 popula-

174 1133 251 1190 rium
274 1130 435 1208 παιδευτής
459 1132 526 1200 luit,
550 1148 584 1190 ac
612 1129 691 1190 hello
712 1129 964 1208 Peloponnesiaco
991 1130 1163 1192 felicissima

173 1217 286 1275 Atticae
308 1217 404 1292 gentis
426 1216 541 1276 indoles
556 1234 591 1275 eo
613 1224 799 1294 pervenerat,
822 1223 913 1274 utne
936 1213 1021 1291 vulgo
1043 1216 1162 1294 quidem

173 1301 203 1359 in
236 1317 337 1359 rerum
371 1301 535 1361 divinarum
571 1308 599 1359 et
632 1299 828 1359 humanarum
862 1301 986 1360 scientia
1024 1308 1162 1376 negatum

174 1383 334 1462 quidquam
362 1384 520 1446 videretur.
564 1383 635 1443 binc
665 1385 773 1443 lactum
802 1389 847 1442 est
874 1391 908 1443 ul
935 1385 1045 1443 sensim
1073 1385 1162 1444 Athe·

175 1471 294 1530 nienses
322 1467 463 1529 libentius
492 1470 519 1528 ei
548 1475 653 1546 poetae
681 1467 896 1536 auscultarent,
926 1469 977 1544 qui
1005 1465 1164 1529 tralaticias

174 1555 329 1632 opiniones
351 1552 539 1630 impugnaret
561 1559 591 1612 et
612 1549 735 1611 meliora
759 1552 838 1630 ipsos
860 1551 968 1611 docere
992 1561 1160 1613 conaretur.

174 1637 333 1715 Euripides
355 1645 389 1698 ut
411 1646 474 1698 erat
496 1655 611 1697 morum
634 1637 791 1696 severitate
813 1635 938 1712 insignis
954 1643 984 1696 ct
1006 1635 1162 1698 humilium

174 1723 280 1782 artium
304 1729 505 1801 contemptor,
529 1739 588 1780 non
612 1720 743 1787 nutrire,
772 1719 824 1778 sed
847 1738 952 1780 sanare
980 1721 1092 1782 saeculi
1115 1725 1162 1782 sui
1242 1746 1243 1765 ³

173 1807 241 1865 vitia
264 1806 386 1866 studuit.
431 1808 530 1883 itaque
552 1810 584 1865 ut
610 1807 642 1864 in
665 1805 835 1864 domesticis
858 1811 888 1864 et
909 1803 1043 1865 civilibus
1071 1805 1162 1866 nehus
1242 1820 1243 1891 p

172 1891 394 1968 perversitatem
425 1887 504 1966 vulgi
531 1896 703 1949 constanter
734 1889 931 1966 impugnavit,
967 1891 1007 1948 ita
1036 1887 1073 1948 de
1104 1890 1163 1950 diis

172 1972 357 2051 vulgaribus,
389 1974 426 2032 de
448 1990 562 2033 summo
584 1975 720 2038 numine.
752 1973 788 2032 de
811 1974 907 2032 anima
935 1973 1064 2034 humana
1087 1993 1163 2053 quae

172 2057 217 2118 vel
242 2077 257 2116 e
279 2058 523 2137 philosophorum
551 2056 635 2118 libris
657 2057 806 2118 hausisset
826 2055 872 2116 vel
900 2056 1070 2117 meditando
1099 2061 1163 2136 ipse

173 2145 377 2219 excogitasset,
402 2143 622 2203 communicare
646 2159 713 2202 cum
737 2139 849 2200 civibus
872 2143 1033 2218 temptavit.
1063 2160 1164 2221 neque

173 2227 316 2288 indociles
337 2225 440 2286 hahuit
462 2226 628 2286 auditores:
652 2227 703 2302 qui
718 2232 751 2285 ut
765 2243 867 2284 rerum
890 2230 1019 2286 novitate
1031 2229 1164 2286 maxime

173 2309 351 2372 tenebantur
374 2317 403 2370 et
424 2311 536 2388 insigni
558 2310 668 2387 ingenii
683 2308 834 2370 celeritate
856 2309 988 2369 inaudita
1012 2310 1164 2389 quaelihet

171 2393 366 2474 arripiebant,
395 2395 434 2454 ita
463 2394 500 2456 ad
528 2412 576 2454 res
609 2392 752 2454 coelestes
786 2410 941 2469 assurgere
973 2412 1042 2454 cum
1073 2402 1163 2473 poeta
1242 2462 1243 2473 φ

171 2479 249 2539 haud
272 2481 384 2557 gravati
399 2486 476 2539 sunt.
508 2485 642 2538 ceterum
658 2479 688 2537 in
703 2496 819 2538 summo
835 2477 1041 2556 philosophiae
1063 2478 1166 2539 studio

171 2571 257 2642 poeta
280 2564 374 2640 magis
396 2563 452 2624 luit
474 2562 633 2642 Euripides
655 2579 742 2642 quam
766 2560 970 2640 philosophus.
1017 2561 1062 2622 vel
1085 2562 1164 2622 hanc
1242 2586 1243 2611 ι

170 2647 208 2707 ob
233 2666 352 2708 causam
374 2649 493 2709 irritum
516 2647 608 2708 luerit
634 2646 798 2726 perlectam
821 2653 851 2705 et
873 2654 1109 2708 consummatam
1133 2650 1162 2706 in

171 2734 236 2793 eins
263 2731 423 2810 tragoediis
452 2750 598 2810 quaerere
625 2730 861 2810 philosophiam,
892 2749 949 2810 qua
972 2731 1008 2791 ad
1037 2731 1165 2792 eandem

238 2898 284 2963 51)
303 2899 399 2949 Pauca
417 2899 575 2981 speciminis
592 2898 653 2950 loco
671 2899 794 2948 offeram.
823 2899 925 2949 Bacch.
937 2901 1001 2950 48οι
1021 2890 1101 2962 δόξει
1119 2917 1165 2960 τις
1242 2928 1243 2945 ;

171 2959 289 3044 ἀμαθεῖ
302 2979 378 3044 σοφα
398 2961 488 3048 ia'yopv
506 2957 558 3016 οὖν
577 2953 609 3018 εὖ
628 2969 772 3044 (popum.
792 2965 864 3016 Med.
882 2968 946 3018 298:
964 2971 1089 3018 σκαιοῖσι
1108 2962 1164 3033 μεν
1242 2966 1243 2987 l

170 3025 225 3100 γὰρ
245 3025 333 3084 καινοὶ
354 3028 525 3098 προσφέρων
542 3025 628 3112 copel
639 3024 772 3112 ddgeeo'
755 3035 888 3113 αχρεῖος
888 3024 942 3084 nod
960 3025 1050 3097 σοφὸς
1068 3049 1162 3100 nepv—
1242 3054 1243 3063 ι

170 3097 262 3151 κέναι.
300 3100 342 3150 El.
361 3102 423 3150 296:
448 3098 497 3150 καὶ
520 3115 576 3165 γαρ
595 3091 663 3150 οὐδ’
684 3093 807 3177 ἀζήμιον
828 3094 945 3165 γνώμην
968 3093 1078 3152 ἕνειναι
1101 3105 1167 3160 τοις
1242 3116 1243 3135 ¹

170 3169 275 3233 σοφοιι·
293 3165 360 3218 λίαν
378 3159 829 3249 σοφήν.Ρ1ιοιιιι.394ιιίαιιφὸν
847 3172 1027 3244 συνασοφεῖν
1044 3172 1105 3248 spec
1122 3186 1163 3235 μη
1242 3188 1243 3207 ι

169 3237 284 3299 σοφοῖς
318 3235 382 3284 Hel.
401 3237 465 3286 613ι
484 3225 567 3318 λόφος
585 3229 640 3300 γάρ
657 3227 736 3286 ε’σιιν
753 3251 806 3285 σοι
825 3227 900 3299 ἐμός,
919 3227 1066 3300 σοφῶνδ’
1087 3231 1164 3295 ἔπος.
1242 3236 1244 3281 ἒ

170 3301 203 3352 ir.
211 3304 274 3352 585:
288 3293 479 3383 στρατηλάται
489 3320 543 3353 ταν
510 3301 651 3421 poploe
660 3302 820 3381 γενοίμεθα
829 3301 974 3379 (φενοιατο
982 3303 1163 3381 Mernelrrus)
1242 3308 1243 3315 ’

170 3359 349 3450 oopded’
332 3385 370 3419 αν
388 3364 430 3450 εἷς
447 3359 583 3449 ιιςῆν
587 3361 646 3422 ’ἐν
668 3368 784 3449 μακρῷ
793 3386 892 3448 χρονῳ.
929 3371 962 3420 ir.
982 3372 1046 3422 894ι
1070 3362 1165 3435 σοφὸν

169 3427 422 3569 pppvgvgpptgvuov
441 3427 509 3497 ἕιιοὶς
521 3435 591 3506 vaip
609 3430 727 3504 χθονός,
746 3455 803 3489 ιαν
820 3428 928 3504 μήποτ’
941 3428 1036 3497 ὄσσοις
1055 3433 1166 3497 εἰσίδω,
