2517 3934
459 191 715 253 111110111‘1'02

197 363 317 452 πλήσει
330 363 369 432 δέ
382 369 492 430 πᾶσαν
507 376 609 448 γαῖαν
623 368 802 447 αἰσχίστων
816 359 937 451 λόγων.

196 462 288 534 ὅλοιο
301 466 359 533 καὶ
372 461 417 533 σι)
428 460 549 550 χῶστις
562 459 704 543 ἄκοντας
714 471 835 551 φίλους

197 566 373 654 πρόθυμός
391 569 460 634 ἐστι
473 564 517 652 μή
531 572 641 645 καλῶς
657 561 856 654 εὐεργετεῖν.

85 679 148 742 ΤΡ.
197 665 363 753 δέσποιν’,
378 675 462 754 ἔχεις
474 667 537 755 μὲν
549 663 636 756 τᾶμδι
651 670 847 755 μέμψασθαι
859 667 961 737 κακά·
1037 685 1089 741 695

197 770 235 840 τό
250 769 314 858 γὰρ
330 768 457 838 δάκνον
469 790 533 838 σου
547 768 610 857 τήν
624 769 809 857 διάγνωσιν
822 787 952 859 κρατεῖ·

198 880 262 960 ἔχω
277 872 315 941 δὲ
329 870 423 960 κόιγώ
438 868 522 960 πρὸς
539 869 628 957 τόδ’,
648 880 680 941 ελ
693 875 798 960 δέξει,
813 875 934 960 λέγειν.

197 970 329 1063 ἔθρεψά
341 971 374 1043 σ’
392 970 513 1055 εὔνους
527 971 558 1043 τ’
575 980 646 1062 εἰμί
652 996 659 1011 ·
674 982 732 1063 τῆς
744 975 850 1043 νόσου
867 978 907 1044 δέ
919 996 974 1044 σοι

199 1085 343 1165 ζητοῦσα
358 1071 505 1165 φάρμαχ’
515 1067 625 1165 ηὗρον
639 1073 701 1164 οὐχ
715 1074 918 1166 ἁβουλόμην.

198 1187 230 1249 εἰ
240 1176 273 1249 δ’
290 1170 331 1248 εὖ
345 1176 379 1266 γ’
396 1182 537 1265 ἔπραξα,
552 1175 649 1268 κάρτ’
669 1174 713 1248 ἂν
726 1182 764 1247 έν
776 1194 934 1266 σοφοῖσιν
946 1170 981 1267 ἦ·
1037 1196 1089 1251 700

195 1281 278 1372 πρὸς
291 1279 349 1361 τὰς
362 1279 463 1369 τύχας
476 1279 541 1369 γὰρ
557 1279 617 1361 τὰς
633 1283 759 1371 φρένας
772 1280 973 1369 κεκτήμεθα.

80 1394 174 1455 ΦΛΙ.
192 1376 290 1477 ήγᾶρ
299 1390 413 1453 δίκαια
425 1390 531 1452 ταῦτα
544 1379 776 1472 κόιξαρκοῦντό
789 1412 856 1473 μοι,

195 1486 374 1583 τρόσασαν
387 1482 473 1575 ἡμᾶς
486 1485 557 1554 εἶτα
570 1500 759 1574 συγχωρεῖν
773 1486 898 1576 λόγοιςς

85 1598 147 1659 ΤΡ.
197 1594 493 1678 μακρηγοροῦμεν·
512 1583 576 1657 οὐκ
589 1588 811 1677 ἐσωφρόνουν
824 1589 901 1677 ἐγώ,

195 1688 269 1761 ἀλλ’
287 1698 356 1760 ἔστι
368 1687 433 1760 κᾶιι
446 1687 549 1760 τῶνδ’
569 1687 655 1760 ὥστε
668 1698 840 1778 σωθῆναι,
855 1694 984 1760 τέκνον.
1036 1706 1088 1764 705

81 1802 173 1865 ΦΑΙ.
192 1802 318 1862 παῦσαι
332 1796 491 1881 λέγουσα·
506 1791 617 1862 καὶτὰ
631 1795 713 1881 πρὶν
727 1792 792 1881 γὰρ
808 1791 850 1861 οὐ
863 1801 974 1875 καλῶς

196 1895 385 1985 παρήνεσός
400 1924 456 1984 μοι
469 1890 710 1983 κᾶπεχείρησας
723 1895 819 1964 κακά.

198 1995 272 2067 ἀλλ’
289 1996 444 2068 ἐκποδῶν
457 1994 585 2066 ἄπελθε
598 1999 656 2066 καὶ
668 2004 793 2085 σαυτῆς
807 2000 884 2089 πέρι

197 2098 363 2190 φρόντιζ’·
381 2099 446 2188 έγιδ
463 2103 500 2169 δὲ
516 2097 602 2186 τᾶμόι
618 2100 766 2186 θήσομαι
784 2108 902 2178 καλοῖς.

197 2199 293 2291 ὑμεῖς
309 2205 363 2288 δέ,
379 2208 495 2283 παῖδες
509 2198 659 2289 εὐγενεῖς
677 2201 875 2290 Τροιζήνιαι,
1038 2215 1088 2272 710

197 2305 338 2375 τοσόνδε
351 2332 408 2391 μοι
422 2299 602 2395 παρόσχετ’
618 2306 844 2393 ἐξαιτουμένη,

195 2414 273 2497 σιγή
287 2406 470 2476 καλύπτειν
484 2401 609 2476 ἇνθόδ’
626 2407 853 2494 εἰσηκούσατε.

82 2516 154 2578 XO.
196 2505 321 2597 όμνυμι
334 2507 461 2596 σεμνήν
469 2505 627 2598 ’Ἄρτεμιν
640 2506 725 2589 Διὸς
738 2508 854 2597 κόρην,

196 2612 303 2699 μηδὲν
316 2618 431 2680 κακοῖν
443 2618 515 2679 σῶν
530 2618 577 2691 εἰς
592 2610 679 2698 φάος
692 2613 815 2693 δείξειν
829 2611 916 2679 ποτέ.

82 2718 175 2781 ΦΑΙ.
194 2721 305 2794 καλῶς
320 2717 441 2795 ἔλεξας.
460 2709 498 2783 ἓν
512 2713 550 2782 δὲ
563 2710 787 2801 προτρέπονσ’
799 2711 864 2797 έγοδ
1038 2728 1087 2783 715

196 2813 326 2905 ηὕρηκα
343 2822 450 2903 [δῆτα]
465 2822 566 2903 τήσδε
579 2821 756 2903 συμφορᾶς
770 2812 864 2898 ἄκος,

199 2915 278 2986 ὥστ’
296 2914 418 2987 εόκλεᾶ
433 2917 496 3005 μὲν
509 2918 604 2987 παισὶ
616 2927 819 3004 προσθεῖναι
834 2923 921 3004 βίον,

198 3016 284 3108 αὐτή
295 3017 328 3089 δ’
345 3017 491 3089 όνασθαι
503 3018 587 3105 πρὸς
600 3017 642 3087 τὰ
655 3026 721 3089 νῦν
735 3015 939 3089 πεπτωκότα.

197 3118 238 3190 οό
252 3122 316 3210 γόρ
329 3120 404 3192 ποτ’
421 3128 570 3208 αἰσχυνεῖ
584 3148 623 3209 γε
637 3129 808 3211 Κρησίους
823 3122 956 3210 δόμους,

197 3220 275 3294 οὐδ’
292 3230 339 3305 εἰς
352 3224 534 3311 πρόσωπον
547 3227 683 3312 Θησέως
696 3220 856 3311 ἀφίξομαι
1036 3235 1087 3291 wo

197 3333 345 3415 αἰσχροῖς
360 3323 412 3396 ἐπ’
428 3333 540 3415 ἔργοις
562 3331 673 3397 εἵνεκα
690 3332 799 3414 ψυχῆς
811 3332 897 3414 μιᾶς.

194 3518 256 3594 ἐρεῖ
270 3521 302 3578 δδ
320 3528 428 3579 Πιτθεῖ
441 3527 482 3599 τῷ
493 3526 604 3597 γέροντι
622 3523 781 3598 συμφοράς,
1034 3526 1084 3582 601
