2517 3934
461 199 659 257 HAEKTPA

169 377 321 456 ναίουσι,
337 377 469 457 βροτιόν
484 373 520 437 ἐν
535 366 613 448 ἁλὸς
628 372 759 457 βοδίοις

170 471 265 561 τιμάς
278 479 429 560 σωτῆρας
444 478 589 559 ἔχοντες·

168 591 279 664 χαῖρε,
296 581 414 661 σεβίζω
429 570 461 641 σ’
478 582 533 641 ίσα
547 575 603 640 καὶ
617 573 767 660 μάκαρας

170 675 321 746 πλοάτου
337 675 480 764 μεγάλης
493 671 523 744 τ’
542 671 768 763 εὐδαιμονίας.
1008 693 1062 748 995

169 777 228 860 τάς
241 776 302 858 σάς
316 778 354 847 δὲ
368 779 468 864 τύχας
482 776 736 864 θεραπεύεσθαι

171 881 297 969 καιρός.
314 877 416 968 χαῖρ’,
432 871 459 947 ά
474 885 638 966 βασίλεια.

119 1035 128 1050 .
170 979 284 1070 ἔκβητ’
302 979 446 1070 ἀπήνης,
465 980 635 1071 Τρῳάδες,
650 979 760 1067 χειρὸς
774 977 808 1050 δ’
825 984 903 1068 ἐμῆς

170 1080 325 1172 λάβεσθ’,
343 1081 389 1152 ἵν’
406 1087 467 1165 ἔξω
484 1079 580 1150 τοῦδ’
596 1080 678 1170 όχου
693 1079 803 1175 στήηω
817 1083 916 1152 πόδα.

171 1187 323 1255 σκύλοισι
337 1186 399 1273 μὲν
413 1182 477 1274 γάρ
491 1191 585 1253 θεων
603 1184 825 1272 κεκόσμηνται
840 1184 936 1272 δόμοι
994 1205 1062 1256 1000

172 1294 351 1375 Φρυγίοις,
367 1285 431 1375 ἐγω
449 1286 487 1354 δέ
501 1288 617 1374 τάσδε,
638 1285 794 1376 Τρῳάδος
808 1287 932 1373 χθονὸς

172 1387 324 1478 ἐξαίρετ’,
341 1387 416 1458 άντλ
430 1387 549 1468 παιδός
563 1384 606 1476 ἣν
620 1387 775 1458 ἀπώλεσα

173 1490 315 1580 σμικρόν
329 1494 444 1580 γέρας,
460 1489 564 1560 καλὸν
578 1491 616 1560 δὲ
630 1494 790 1579 κέκτημαι
805 1492 930 1579 δόμοις.

124 1646 131 1660 .
173 1589 301 1662 οόκουν
315 1593 396 1681 έγιό,
413 1589 519 1680 δοόλη
534 1591 597 1680 γάρ
613 1595 839 1681 ἐκβεβλημένη

172 1695 286 1783 δόμων
298 1695 464 1787 πατρῴων
477 1699 653 1782 δυστυχεῖς
664 1703 744 1764 οίκῶ
758 1695 891 1782 δόμους,
996 1714 1062 1764 1000

173 1804 294 1886 μῆτερ,
309 1797 461 1885 λάβωμαι
476 1804 640 1884 μακαρίας
653 1804 711 1885 τῆς
725 1803 784 1885 σῆς
797 1797 910 1885 χερός;

123 1951 129 1964 .
172 1904 291 1967 δοῦλαι
307 1899 462 1986 πάρεισιν
477 1903 568 1984 αἵδε,
589 1897 635 1986 μὴ
648 1900 692 1967 σύ
705 1926 762 1985 μοι
776 1898 882 1968 πόνει.

126 2051 133 2065 .
174 2007 209 2068 τί
223 1997 272 2083 δ’;
286 1997 496 2088 αἰχμάλωτόν
510 2007 565 2068 τοί
574 1997 611 2086 μ’
628 1996 797 2092 ἀπῴκισας
811 2000 936 2089 δόμων,

174 2099 351 2190 ᾑρημένων
365 2102 402 2171 δὲ
417 2101 580 2188 δωμάτων
594 2098 761 2190 ᾑρήμεθα,

174 2200 219 2283 ὡς
236 2209 327 2290 αἵδε,
344 2203 468 2292 πατρὸς
481 2200 629 2292 ὀρφαναὶ
643 2203 865 2290 λελειμμέναι.
995 2222 1063 2274 1010

124 2356 131 2370 .
172 2313 309 2375 τοιαῦτα
322 2309 436 2393 μέντοι
450 2303 508 2385 σδς
524 2306 632 2394 πατήρ
648 2304 859 2393 βουλεύματα

178 2413 224 2486 είς
239 2403 298 2487 οδς
312 2411 413 2497 ἐχρῆν
427 2403 535 2496 ἥκιστ’
553 2407 755 2494 ἐβούλευσεν
768 2414 890 2494 φίλων.

175 2511 256 2590 λέξω
271 2512 310 2578 δέ
317 2529 324 2543 ·
340 2516 450 2577 καίτοι
464 2506 535 2590 δόξ’
551 2505 633 2576 όταν
646 2509 733 2598 λάβη
747 2507 832 2595 κακὴ

175 2625 334 2696 γυναῖκα,
349 2609 484 2699 γλιόσση
498 2610 657 2698 πικρότης
671 2618 783 2680 ἔνεστί
793 2631 857 2688 τις·

175 2708 220 2790 ὡς
233 2712 294 2798 μὲν
309 2709 383 2800 παρ’
399 2709 495 2799 ἡμῖν,
511 2709 552 2779 οὐ
568 2720 691 2793 καλῶς·
707 2711 744 2781 τὸ
760 2717 894 2798 πρᾶγμα
909 2710 947 2780 δὲ
998 2729 1063 2781 1015

175 2812 362 2901 μαθόντας,
376 2810 420 2900 ἦν
434 2813 496 2900 μὲν
510 2810 608 2895 ἀξίως
621 2828 734 2901 μισεῖν
750 2819 818 2900 ἔχη,

175 2930 311 3001 στυγεῖν
327 2920 477 2984 δίκαιον·
495 2921 526 2983 εἰ
540 2915 576 2982 δὲ
589 2915 652 3002 μή,
666 2922 702 2983 τί
715 2920 770 2984 δεῖ
782 2929 935 3002 στυγεῖν;

176 3012 260 3103 ἡμᾶς
274 3014 306 3084 δ’
323 3022 428 3086 ἔδωκε
446 3016 646 3102 Τυνδάρεως
659 3023 705 3108 τῷ
720 3024 767 3108 σῷ
781 3023 892 3104 πατρί,

176 3114 237 3205 οόχ
253 3115 337 3187 όόστε
351 3118 532 3205 θνήσκειν,
548 3115 624 3186 οὐδ’
642 3115 664 3187 δι’
677 3127 854 3208 γειναίμην
868 3117 943 3205 ἐγώ.

177 3235 287 3300 κεῖνος
301 3221 338 3288 δὲ
352 3226 455 3290 παῖδα
470 3218 530 3307 τὴν
544 3219 627 3308 ἐμὴν
638 3217 811 3309 Ἀχιλλέως
999 3235 1066 3286 1000

177 3323 343 3408 λέκτροισι
359 3329 475 3400 πείσας
490 3319 585 3412 ᾤχετ’
603 3325 640 3392 ἐκ
654 3320 769 3411 δόμων
783 3319 875 3408 άγων

176 3431 396 3513 πρυμνοῦχον
408 3415 537 3491 Αὖλιν·
553 3421 626 3493 ἔνθ’
644 3421 843 3512 ὑπερτείνας
856 3427 966 3510 πυρᾶς

177 3523 302 3611 λευκὴν
317 3523 450 3612 διημησ’
464 3521 629 3614 Ἰφιγόνης
645 3530 802 3614 παρηίδα.

146 3639 237 3681 mm.
260 3642 323 3681 νοτ..
346 3627 367 3680 Ι.
858 3618 899 3683 18
