2517 3934
500 219 662 279 ΒΑΚΧΑΙ

189 394 247 461 καλ
261 392 383 462 σπένδε
402 391 457 458 ιιαλ
471 389 617 478 βάκχευε
632 393 689 460 καλ
706 392 834 479 στέφου
849 392 945 481 κάρα.

189 491 252 582 ούχ
266 490 284 564 ὁ
298 492 469 572 Διόνυσος
484 508 677 581 σωφρονεῖν
692 490 875 581 ἀναγκάσει

189 611 354 686 γυναῖκας
367 601 415 674 είς
428 592 491 681 τὴν
504 594 661 684 Κύπριν,
676 593 745 664 άλλ’
761 599 800 664 ἐν
812 603 854 685 τῇ
868 597 968 684 φύσει
1035 615 1086 670 31⁵

191 698 229 769 τὸ
242 712 436 788 σωφρονεῖν
452 703 583 766 ἔνεστιν
598 704 647 778 είς
662 696 704 766 τά
717 695 810 766 πάντ’
826 697 890 768 άεί.

189 809 290 872 τοῦτο
306 815 446 869 σκοπεῖν
460 797 540 888 χρή·
558 802 614 870 καλ
629 799 694 887 γάρ
712 804 750 870 έν
766 803 997 891 βακχεύμασιν

190 895 266 975 ούσ’
283 899 305 991 ἦ
320 930 358 990 γε
371 901 521 990 σώφρων
536 899 577 970 ού
593 903 873 991 διαφθαρήσεται.

190 1003 292 1097 όρᾷς,
306 1003 351 1074 σύ
363 1012 509 1092 χαίρεις,
526 999 610 1073 όταν
627 1008 816 1092 ἐφεστῶσιν
828 1007 952 1088 πύλαις
1034 1023 1087 1079 319

191 1115 328 1194 πολλοί,
342 1105 380 1176 τό
394 1109 558 1186 Πενθέως
572 1103 607 1175 δ’
624 1105 732 1195 ὄνομα
744 1108 918 1198 μεγαλύνῃ
932 1110 1043 1190 πόλις·

192 1208 364 1298 κάκελνος,
379 1209 488 1297 οἶμαι,
503 1211 657 1295 τέρπεται
670 1210 867 1298 τιμιόμενος.

194 1311 259 1401 ἐγω
275 1313 338 1401 μὲν
350 1303 416 1381 ούν
429 1314 486 1380 καλ
499 1311 654 1400 Κάδμος,
670 1309 711 1382 ὃν
724 1312 769 1382 ού
783 1318 951 1405 διαγελᾷς,

196 1423 301 1508 κισσῷ
316 1412 341 1483 τ’
358 1415 570 1503 ἐρεψόμεσθα
588 1418 646 1483 καλ
659 1414 877 1544 χορεύσομεν,

194 1484 295 1589 πολιὰ
311 1522 471 1604 ξυνωρίς,
487 1513 595 1585 άλλ’“
575 1545 667 1604 ομως
679 1521 870 1607 χορευτέον,

119 1642 151 1746 χχ
192 1649 256 1691 κου
245 1618 472 1708 ’θεομαχήσω
486 1626 557 1688 σῶν
574 1619 687 1706 λόγων
700 1617 891 1703 πεισθελς”
856 1647 952 1746 Q
1036 1636 1086 1691 325

192 1731 305 1813 μαίνει
320 1721 384 1812 γάρ
399 1718 444 1803 ύς
460 1719 617 1808 άλγιστα,
633 1719 733 1792 κοῦτε
748 1723 938 1813 φαρμάκοις

194 1825 258 1914 άκη
273 1823 423 1914 λάβοις”
401 1853 464 1910 αν,
478 1820 546 1894 οὔτ’
565 1821 650 1895 άνευ
663 1826 793 1896 τούτων
805 1843 926 1906 νοσεῖς.

78 1937 150 1999 XO.
194 1959 219 1999 ω
207 1921 384 2017 πρέσβυ,
399 1924 566 2016 Φοῖβόν’
541 1955 561 1996 τ
584 1925 626 1997 ού
643 1929 877 2016 καταισχύνεις
892 1929 1015 2016 λόγοις,

194 2039 301 2121 τιμῶν
315 2058 351 2100 τε
367 2031 518 2119 Βρόμιον
531 2049 721 2121 σωφρονεῖς
734 2035 842 2120 μέγαν
855 2030 952 2100 θεόν.

77 2142 153 2204 KA.
196 2125 222 2204 ὦ
239 2150 316 2222 παῖ,
331 2141 440 2214 καλῶς
455 2155 509 2203 σοι
527 2143 700 2223 Τειρεσίας
715 2134 923 2224 παρῄνεσεν·
1037 2149 1090 2204 330

194 2247 279 2308 ολκει
293 2233 368 2325 μεθ’
384 2233 497 2325 ἡμῶν,
515 2235 560 2323 μὴ
574 2237 704 2323 θύραζε
716 2245 786 2305 τῶν
797 2237 923 2326 νόμων.

194 2347 261 2409 νῦν
276 2340 340 2428 γάρ
355 2341 446 2408 πέτει
462 2365 498 2408 τε
513 2342 569 2410 καλ
584 2347 724 2429 φρονῶν
737 2336 840 2409 οὐδὲν
854 2354 1002 2427 φρονεῖς.

197 2544 287 2634 παρά
301 2547 355 2614 σολ
369 2545 537 2633 λεγέσθω·
556 2548 613 2614 καλ
626 2544 845 2627 καταψεύδου
858 2551 968 2624 καλῶς

198 2645 243 2728 άς
258 2654 327 2718 ἔστι
341 2651 508 2735 Σεμέλης,
526 2653 583 2716 ἳνα
598 2653 618 2716 δ
621 2655 683 2737 οκᾷ
697 2647 783 2718 θεὸν
797 2662 919 2732 τεκεῖν,
1038 2663 1094 2723 ὅδε,

197 2747 277 2839 ἡμῖν
290 2777 326 2819 τε
339 2749 416 2838 τιμὴ
432 2752 532 2820 παντλ
547 2758 593 2842 τᾷ
609 2753 700 2837 γένει
714 2756 834 2838 προσῇ.

197 2850 279 2944 ὁρᾷς
293 2851 353 2921 τὸν
363 2851 563 2932 Ἀκταίωνος
578 2850 702 2921 άθλιον
715 2852 838 2940 μόρον,

198 2951 240 3024 ὃν
254 2952 412 3043 ὠμόσιτοι
426 2956 590 3037 σκύλακες
603 2952 643 3037 άς
661 2958 829 3044 ἐθρέψατο

200 3057 441 3145 διεσπάσαντο,
456 3056 622 3147 κρείσσον’
640 3062 677 3127 ἐν
691 3066 871 3146 κυναγίαις

193 3157 385 3249 Ἀρτέμιδος
399 3159 485 3230 εἶναι
499 3158 713 3250 κομπάσαντ’,
728 3165 765 3229 έν
780 3157 931 3249 ὀργάσιν.
1041 3172 1093 3228 340

200 3259 221 3331 ό
235 3261 280 3350 μὴ
294 3260 407 3353 πάθῃς
421 3262 476 3348 σύ,
493 3264 597 3353 δεῦρό
611 3285 673 3333 σου
687 3266 797 3345 στέψω
814 3262 900 3350 κάρα

199 3373 324 3457 κισσῷ·
343 3363 418 3454 μεθ’
433 3361 530 3453 ἡμῶν
543 3374 589 3458 τῷ
607 3374 679 3458 θεᾷ
696 3364 796 3454 τιμὴν
812 3369 920 3434 δίδου.

83 3475 154 3538 ΠΕ.
197 3465 240 3539 ού
253 3467 299 3556 μὴ
316 3475 505 3558 προσοίσεις
519 3485 629 3557 χεῖρα,
645 3469 841 3556 βακχεύσεις
854 3463 887 3534 δ’
904 3461 988 3549 ίάν,

198 3568 281 3658 μηδ’
299 3571 465 3661 έξομόρξει
479 3579 612 3659 μωρίαν
625 3570 688 3658 τὴν
701 3568 765 3656 σὴν
782 3571 858 3656 ἐμοί
862 3598 872 3646 3
