2517 3934
455 206 678 266 ΑΛΚΗΣΤΙΣ

183 375 247 464 τὴν
260 374 324 465 σὴν
337 373 496 466 πατρῴαν
508 377 638 463 ἑστίαν,
653 373 796 445 ἀπεῖπον
810 370 863 442 ἀν.

185 475 279 566 ἡμεῖς
294 479 348 563 δέ,
362 473 446 546 τούν
460 478 560 546 ποσὶν
573 475 637 566 χάρ
652 479 781 548 οἰστέον
794 475 910 563 κακόν,

185 587 384 668 στείχωμεν,
400 573 445 658 ῶς
458 573 501 646 ἀν
514 581 552 647 έν
566 585 659 670 πυρᾷ
672 587 789 667 θῶμεν
803 579 936 668 νεκρόν.
1023 596 1075 652 700

132 733 141 751 .
184 681 224 750 ἰῶ
238 682 288 750 ἰῶ.
317 686 449 767 σχετλία
463 679 601 768 τόλμης,

67 1301 139 1364 ΘΕ.

187 775 214 852 ῶ
228 789 368 872 γενναία
382 783 439 850 καλ
451 779 518 869 μέγ’
536 778 666 870 ἀρίστη,

186 901 296 974 χαῖρε·
316 884 482 973 πρόφρον
495 883 533 952 σὲ
547 884 684 969 χθόνιός
697 881 732 952 θ’
743 881 862 975 Ἑρμῆς

178 984 294 1075 Ἀιδης
307 1013 343 1054 τε
358 981 485 1072 δέχοιτ’.
508 991 539 1053 εί
551 987 592 1054 δέ
601 1013 634 1054 τι
648 983 746 1054 κάκεῖ

186 1091 290 1158 πλέον
303 1083 365 1156 ἔστ’
381 1084 533 1174 ἀγαθοῖς,
548 1083 679 1156 τούτων
692 1084 860 1174 μετέχονδ
1023 1102 1073 1157 74⁵

179 1187 298 1259 ’Ἅιδου
311 1189 429 1277 νύμφη
443 1188 673 1276 παρεδρεόοις.

186 1289 330 1371 πολλοὺς
343 1291 406 1378 μέν
418 1287 483 1378 ἤδη
497 1287 584 1359 κάπὸ
599 1296 760 1370 παντοίας
773 1287 897 1377 χθονὸς

145 1459 147 1462 ,
188 1397 305 1477 ξένους
318 1392 479 1480 μολόντας
492 1389 558 1460 οἷδ’
575 1389 782 1480 ἐςἉδμήτου
798 1391 939 1479 δόμους,

186 1491 237 1576 οἷς
251 1501 371 1565 δεῖπνα
385 1491 569 1582 προόθηί·
585 1491 669 1562 ἀλλά
682 1490 777 1562 τοῦδ’
795 1490 890 1562 οόπω
904 1494 1001 1574 ξένου

185 1595 311 1668 κακίον’
329 1603 375 1676 είς
387 1594 481 1684 τήνδ’
499 1599 612 1665 ἑστίαν
625 1595 797 1683 ἐδεξάμην.
1023 1608 1073 1664 750

187 1696 223 1780 ὃς
237 1706 351 1787 πρῶτα
365 1698 427 1786 μὲν
440 1705 634 1767 πενθοῦντα
648 1698 813 1784 δεσπότην
828 1693 917 1786 ὁρῶν

187 1809 324 1888 εἰσῆλθε
337 1798 517 1888 κάτόλμησ’
535 1797 742 1887 ἀμείψασθαι
753 1799 869 1879 πύλας.

187 1910 300 1973 ἔπειτα
315 1899 347 1971 δ’
364 1898 438 1970 οὔτι
452 1902 637 1990 σωφρόνως
651 1903 783 1984 ἐδέξατο

186 2003 227 2073 τὰ
240 2003 471 2093 προστυχόντα
484 2007 590 2090 ξένια,
607 2002 787 2092 συμφορὰν
800 2001 931 2089 μαθῶν,

187 2104 255 2175 ἀλλ’
274 2117 308 2176 εί
317 2135 349 2174 τι
362 2103 407 2193 μὴ
421 2108 597 2194 φέρωμεν,
613 2101 766 2192 ῶτρυνεν
780 2105 907 2191 φέρειν.
1023 2119 1072 2174 755

187 2216 316 2297 ποτῆρα
331 2205 363 2276 δ’
381 2211 419 2276 έν
432 2215 576 2296 χείρεσσι
592 2214 744 2276 κίσσινον
757 2204 870 2293 λοβῶν

186 2316 277 2379 πίνει
291 2317 449 2397 μελαίνης
463 2309 585 2397 μητρὸς
598 2307 745 2398 εὔζωρον
757 2310 858 2394 μέθυ,

186 2415 249 2492 ἕως
263 2408 417 2501 ἐθέρμηά
434 2408 540 2480 αὐτόν
553 2408 728 2499 ἀμφιβᾶσα
741 2407 825 2498 φλὸξ

190 2524 303 2583 οίνον·
318 2516 433 2600 στέφει
447 2513 486 2582 δὲ
498 2520 603 2602 κρᾶτα
618 2520 783 2602 μυρσίνης
797 2509 931 2589 κλάδοις

188 2611 308 2702 ἀμυνῶ
326 2610 497 2683 ὑλακτῶν·
513 2612 611 2684 δισσά
626 2612 658 2684 δ’
675 2606 719 2702 ἦν
733 2616 815 2700 μέλη
829 2611 963 2680 κλόειν·
1023 2625 1074 2681 760

189 2709 207 2784 δ
221 2717 284 2803 μὲν
298 2715 361 2805 γὰρ
376 2707 454 2804 ᾖδε,
468 2723 536 2786 τῶν
550 2720 587 2786 ἐν
597 2712 761 2804 Ἀδμήτου
776 2720 889 2782 κακῶν

188 2815 292 2887 οὐδὲν
305 2825 494 2907 προτιμῶν,
509 2822 633 2888 οἰκέται
648 2816 679 2888 δ’
697 2822 872 2904 ἐκλαίομεν

189 2921 388 2989 δέσποιναν·
404 2917 493 3008 ὄμμα
505 2919 536 2988 δ’
553 2919 616 2990 οὐκ
630 2923 827 3006 ἐδείκνυμεν
841 2920 923 3009 ξένῳ

187 3019 545 3111 τέγγοντες·’Ἇδμητος
559 3021 623 3110 γὰρ
638 3013 698 3090 τόδ’
716 3024 839 3109 ἐφίετο,

186 3126 244 3193 καὶ
258 3129 325 3193 νῦν
339 3122 403 3212 lyd>
417 3124 479 3211 μέν
493 3128 530 3192 ἐν
544 3119 698 3216 δόμοισιν
712 3125 821 3192 ἑστιῶ
1025 3130 1074 3185 765

190 3227 305 3313 ξένον,
320 3234 516 3314 πανοῦργον
528 3233 645 3294 κλῶπα
659 3227 715 3294 καὶ
728 3223 852 3313 λῃστήν
866 3250 951 3307 τινα,

189 3322 211 3412 ἣ
226 3324 261 3396 δ’
278 3331 315 3396 ἐκ
329 3327 443 3415 δόμων
456 3330 616 3416 βέβηκεν,
632 3324 708 3396 οὐδ’
726 3324 920 3412 ε’φεσπόμην

189 3424 265 3495 οὐδ’
283 3430 428 3510 ἐξέτεινα
439 3427 531 3518 χεῖρ’,
546 3425 841 3517 ἀποιμῶζωνέμην

191 3530 390 3618 δέσποιναν,
404 3525 503 3618 η”μολ
517 3537 601 3601 πᾶσί
611 3527 635 3599 τ’
652 3530 832 3599 οἰκέταισιν
846 3517 888 3610 ἦν
