2517 3934
213 221 276 284 204
646 217 804 276 ΕΔΕΝΗ

328 386 485 474 παλαιός,
501 382 522 474 ἡ
536 385 574 454 δὲ
590 387 706 472 τέρψις
721 378 843 469 άρτίως
856 379 957 468 πάρα.

327 502 449 583 ἔλαβον
463 486 590 576 άσμένα
603 486 705 556 πόσιν
718 480 817 571 ἐμόν,
833 489 942 570 φίλαι,

328 603 409 687 περί
425 591 455 663 τ’
473 592 615 660 ἐπέτασα
629 590 711 676 χέρα

329 707 446 789 φίλιον
459 698 497 764 έν
509 699 621 782 μακρᾷ
637 691 739 780 φλογὶ
753 685 949 778 φαεσφόρῳ.
1041 734 1043 738 -

213 813 292 874 ΜΕ.
328 799 421 889 κάγώ
437 800 489 868 σε’·
506 792 651 875 πολλοὺς
665 789 698 863 δ’
715 795 753 860 έν
765 793 855 881 μέσῳ
871 788 993 875 λόγους
1008 794 1090 873 ἔχων
1155 797 1198 854 630

328 901 391 973 οὐκ
408 900 461 970 οἶδ
465 896 473 923 ’
491 893 610 967 ὁποίου
623 901 758 983 πρῶτον
771 890 921 981 ἄρξωμαι
934 889 974 959 τά
987 895 1063 958 νῦν.

214 1015 282 1076 EA.
328 1007 476 1093 γέγηθα,
492 1001 589 1088 κρατὶ
603 994 636 1068 δ’
652 994 797 1084 ὀρθίους
810 998 946 1081 ἐθείρας

329 1105 544 1191 ἀνεπτέρωκα
561 1102 617 1169 καὶ
632 1097 742 1188 δάκρυ
755 1095 940 1180 σταλάσσω,
983 1140 985 1151 ·

330 1210 408 1298 περὶ
425 1205 463 1275 δὲ
476 1217 556 1291 γυῖα
568 1204 667 1291 χέρας
681 1208 823 1289 ἔβαλον,
840 1194 969 1286 ἡδονάν

328 1306 373 1391 ὥς
387 1310 497 1396 λάβω,
514 1296 541 1373 ά
555 1305 661 1383 πόσις.
1159 1309 1198 1363 635

214 1422 292 1483 ME.
332 1405 359 1481 ά
375 1409 515 1501 φιλτάτη
532 1406 712 1498 πρόσοψις,
728 1399 792 1472 οὐκ
806 1404 1001 1491 ἐμέμφθην·

331 1522 394 1601 ἔχω
408 1511 448 1582 τά
462 1518 520 1598 τῆς
535 1508 619 1588 Διός
637 1534 673 1576 τε
687 1509 808 1594 λέκτρα
820 1504 935 1592 Λήδας
947 1501 999 1590 θ’,

268 1662 298 1736 Χ
329 1613 372 1686 άν
384 1612 455 1724 ὑπό
465 1613 650 1701 λαμπάδων
663 1608 758 1698 κόροι
772 1607 953 1676 λεύκιπποι

329 1724 570 1805 ξυνομαίμονες
583 1711 734 1800 ὤλβισαν
749 1706 899 1798 ὤλβισαν
1162 1716 1200 1771 640

330 1817 367 1890 τὸ
383 1818 552 1907 πρόσθεν,
567 1820 603 1885 ἐκ
618 1814 732 1902 δόμων
746 1813 784 1881 δέ
797 1817 962 1899 νοσφίσας
976 1806 1009 1878 σ’
1025 1812 1108 1897 έμοῠ

330 1919 414 2010 πρὸς
422 1911 945 2003 άλλανέλαάνειθεδςσνμφοράν
953 1918 1056 1980 τάσδε
1068 1916 1200 1999 κρείσσω·

216 2032 283 2093 ΕΛ.
332 2021 370 2093 τὸ
384 2021 491 2091 κακὸν
505 2019 537 2089 δ’
556 2017 690 2108 άγαθὸν
703 2020 743 2086 σέ
754 2044 790 2086 τε
803 2013 888 2104 κάμὲ
902 2014 1089 2102 συνάγαγε,
1103 2011 1180 2095 πόσι,

330 2125 483 2216 χρόνιον,
501 2119 575 2192 ἀλλ’
593 2118 682 2208 ὅμως
696 2117 841 2206 ὀναίμαν
855 2117 966 2205 τύχας.
1166 2124 1202 2181 64⁵

219 2237 294 2297 ME.
331 2227 426 2298 όναιο
441 2232 534 2313 δῆτα.
553 2220 659 2293 ταύτά
676 2219 718 2310 δὴ
733 2220 951 2308 ξυνεύχομαι·

333 2340 432 2403 δνοτν
444 2326 508 2417 γάρ
524 2322 638 2396 όντοιν
652 2320 715 2412 οὐχ
730 2317 750 2392 δ
762 2324 825 2411 μὲν
837 2323 989 2412 τλήμων,
1003 2316 1024 2388 δ
1038 2316 1072 2390 δ’
1089 2315 1138 2389 οὗ.

215 2440 285 2501 ΕΛ.
334 2439 431 2522 φίλαι
445 2438 558 2518 φίλαι,
572 2427 612 2497 τά
626 2427 732 2514 πάρος
746 2422 860 2494 οὐκέτι

331 2535 492 2621 στένομεν
506 2527 585 2600 οὐδ’
600 2527 703 2618 άλγοῖ.

331 2637 431 2707 πόσιν
445 2631 549 2723 [ἐμὸν]
564 2640 682 2721 ἔχομεν
696 2637 825 2719 ἔχομεν,
1153 2639 1205 2694 σοι

333 2735 373 2808 δν
388 2746 507 2826 έμενον
523 2743 653 2823 [ἔμενον
666 2737 714 2817 έκ]
733 2739 854 2822 Τροίας
868 2734 1015 2817 πολυετῆ
1028 2737 1153 2817 μολεῖν.

218 2847 296 2908 ME.
333 2848 416 2927 ἔχεις
430 2837 467 2928 μ’
485 2839 550 2927 έγω’
564 2840 601 2907 τέ
613 2832 664 2906 σ’·
683 2833 801 2924 ἡλίους
815 2835 853 2905 δὲ
866 2839 1011 2923 μυρίους

332 2941 427 3030 μόγις
443 2939 591 3010 διελθὼν
604 2936 761 3030 χ’γσθόμην
773 2937 815 3008 τά
827 2943 886 3024 τῆς
899 2941 997 3005 θεοῦ.

335 3040 397 3132 ἐμά
412 3043 449 3112 δὲ
464 3043 594 3132 δάκρυα
608 3048 781 3130 χαρμονᾶν
794 3043 898 3110 πλέον
912 3045 978 3126 ἔχει

331 3147 464 3237 χάριτος
478 3139 500 3233 ἢ
513 3143 631 3224 λάπας.
1167 3143 1206 3202 655

218 3257 286 3318 EA.
334 3257 370 3319 τί
381 3255 455 3338 φῶς
473 3255 523 3329 τίς
537 3243 580 3315 άν
595 3243 674 3315 τάδ’
693 3242 835 3334 ἤλπισεν
847 3248 980 3333 βροτῶν
994 3267 1093 3315 ποτει

334 3350 500 3439 άδόκητον
515 3357 578 3436 ἔχω
592 3369 630 3416 σε
645 3346 728 3435 πρὸς
741 3348 902 3435 στέρνοις.

190 3479 198 3490 ·
221 3461 297 3520 ΜΕ.
333 3449 425 3536 κάγω
441 3451 478 3519 σὲ
491 3449 553 3538 τὴν
568 3454 736 3516 δοκοῦσαν
749 3445 874 3517 Ἰδαίαν
887 3445 985 3516 πόλιν
