2517 3934
396 625 753 696 ΥΠΟΘΕΣΙΣ.

167 876 347 968 Ἡρόδοτος
361 885 489 969 ἱστορεῖ
500 876 720 970 περλἙλέυης
733 887 794 950 καί
803 901 909 969 φησιν
924 883 1042 949 έλθείν

70 981 131 1069 μέν
152 978 262 1070 αὐτὴν
282 988 329 1062 είς
342 991 529 1068 Αἴγυπτον,
544 983 601 1050 καλ
620 989 720 1052 τοῦτο
739 982 885 1070 φάσκειν
904 980 962 1050 καὶ
981 978 1041 1049 τὸν

63 1083 215 1172 ’Όμηρον
229 1090 392 1153 ποιοῦντα
405 1081 467 1171 τὴν
476 1080 612 1172 Ἑλένην
624 1087 784 1175 παρέχειν
795 1091 842 1176 τῷ
861 1081 1041 1174 Τηλεμάχῳ

72 1189 106 1254 έν
115 1182 341 1277 Ὀὃυσσείατό
356 1185 538 1274 λαθικηθὲς
546 1186 727 1275 φάρμακον
734 1185 771 1255 τό
785 1190 821 1254 οί
832 1184 916 1273 πόρε
924 1191 1041 1253 Πολυ-

72 1286 181 1375 δάμνα
197 1286 332 1368 Θόωνος
346 1283 556 1375 παράκοιτις,
578 1283 620 1356 ού
634 1286 702 1376 μὴν
717 1287 755 1358 θλ
775 1283 883 1368 οὕτως
903 1283 948 1368 ὥς
966 1281 1066 1356 EM

73 1394 209 1477 ριπίδης
225 1395 341 1477 φησίν.
374 1394 411 1457 οἳ
422 1388 484 1478 μὲν
496 1387 562 1478 γάρ
577 1393 802 1478 πλανωμένην
812 1390 918 1478 φασίν
933 1384 1041 1475 αύτὴν

73 1487 153 1577 μετὰ
168 1497 230 1559 τοῦ
243 1490 427 1560 Μενελάου
440 1489 522 1580 μετά
535 1490 598 1579 τὴν
610 1498 669 1579 τῆς
679 1489 778 1563 Ἰλίου
792 1491 965 1580 πόρθησιν
983 1492 1041 1561 καὶ

75 1597 120 1672 είς
132 1602 310 1680 Αἴγυπτον
324 1595 576 1682 παραγενέσθαι
596 1589 759 1664 κάκεῑθεν
778 1599 987 1682 πεπορίσθαι
1000 1590 1040 1661 τά

76 1693 249 1782 φάρμακα·
274 1687 350 1763 όόλ
369 1692 431 1782 τὴν
452 1694 515 1782 μὲν
535 1692 674 1782 άληθῶς
689 1693 826 1783 Ἑλένην
853 1697 937 1783 φησί
957 1690 1037 1784 μηδ’

76 1791 232 1865 ὁπωσοῦν
252 1799 368 1865 ἐλθεῖν
390 1803 437 1876 είς
462 1803 605 1884 Τροίαν,
633 1795 672 1865 τό
700 1805 842 1868 εἴδωλον
864 1797 904 1867 δὲ
923 1794 1038 1885 αὐτῆς.
1048 1809 1082 1862 10

76 1899 197 1978 κλέψας
216 1895 282 1986 γάρ
300 1894 440 1986 αύτηνὸ
459 1895 578 1986 Ἑρμῆς
591 1894 698 1988 Ἥρας
718 1906 826 1990 βουλῇ
838 1907 976 1988 Πρωτεῖ
992 1904 1039 1991 τῷ

78 2005 207 2085 βασιλεῖ
223 2006 282 2087 τῆς
301 1999 480 2088 Αἰγύπτου
505 1999 689 2087 φυλάττειν
703 2005 896 2090 παρέδωκε·
917 2000 1039 2070 τούτου

79 2099 117 2168 δὲ
129 2101 294 2181 θανόντος
313 2097 333 2170 ό
348 2100 422 2181 υίὸς
437 2097 544 2170 αύτού
561 2103 795 2190 Θεοκλύμενος
808 2106 962 2191 ἐπειρᾶτο
975 2131 1039 2191 γα-

78 2216 150 2288 μεῖν
164 2200 280 2292 αὐτήν.
313 2194 335 2286 ἢ
350 2203 388 2272 δὲ
401 2205 503 2284 ίκέτις
517 2204 733 2292 παρεκάθητο
746 2211 793 2297 τῷ
803 2211 864 2274 τοῦ
872 2208 1038 2293 Πρωτέως

80 2312 234 2396 μνημείῳ,
253 2301 339 2374 ὅθεν
357 2302 443 2395 αὐτῇ
457 2309 670 2393 ἐπιφαίνεται
682 2309 880 2395 Μενέλεως,
902 2304 960 2387 τάς
973 2306 1036 2395 μέν
1046 2324 1079 2375 15

81 2412 159 2487 ναῦς
172 2410 208 2476 έν
228 2415 269 2498 τῇ
289 2408 443 2497 θαλάσση
459 2405 642 2495 άπολέσας,
662 2405 798 2497 ὀλίγους
811 2411 852 2478 δέ
861 2436 956 2489 τινας
969 2415 1038 2478 τῶν

82 2508 216 2596 ἑταίρων
231 2513 268 2579 έν
281 2505 393 2602 άυτρῳ
408 2512 676 2598 καθειργμένους
696 2511 820 2595 σώζων.
849 2517 896 2591 είς
915 2507 1037 2597 λόγους

82 2609 117 2677 δὲ
130 2610 283 2691 ἐλθόντες
296 2613 354 2681 καὶ
367 2613 728 2701 μηχανορραφήσαντες
742 2608 893 2683 άπατῶσι
906 2612 969 2700 μὲν
978 2611 1038 2682 τὸν

83 2712 325 2801 Θεοκλύμενον,
346 2711 443 2782 αύτολ
457 2713 495 2782 δὲ
516 2717 573 2807 νηὶ
587 2715 747 2807 ἐμβάντες
768 2710 813 2795 ὥς
833 2713 874 2802 δὴ
897 2720 944 2806 τῷ
960 2723 1037 2784 Με-

84 2813 178 2904 νέλεῳ
187 2814 330 2885 θανόντι
342 2813 427 2885 κατὰ
437 2814 608 2886 θάλατταν
617 2817 793 2904 θύσοντες,
811 2823 858 2898 είς
871 2813 934 2904 τὴν
944 2821 1036 2888 ίόιάν
1045 2835 1080 2889 θ)

85 2915 300 3000 διασώζονται.
