2517 3934
362 221 412 272 DE
430 221 616 273 EVRIPIDIS
634 217 787 272 INGENIO
952 218 1070 272 XXXIX

82 377 183 437 iuturo
211 374 323 434 oratori
350 373 537 435 commendat
558 373 734 449 Euripideas
761 373 927 451 tragoedias
954 371 1070 442 Quinti·

80 455 239 536 lianus⁸²):
269 475 341 535 quas
368 460 394 519 si
417 457 453 518 ad
476 459 548 517 artis
570 455 652 534 leges
673 459 823 535 exegeris,
852 455 975 516 habebis
996 474 1070 535 quae

80 547 177 604 minus
211 541 331 620 probes.
377 560 446 603 nam
479 542 712 620 disputationum
747 541 902 618 ambages,
937 538 1071 602 locorum

80 628 284 688 communium
314 625 470 704 splendor,
504 625 699 704 philosophae
726 624 926 700 digressiones
957 625 1071 704 aliaque

79 714 268 772 extrinsecus
290 707 489 787 arcessita⁸³l,
520 717 554 770 ut
573 727 628 789 per
650 729 682 770 se
704 716 837 789 spectata
859 711 988 769 maxime
1009 710 1071 787 pla·

78 804 178 864 ceant,
202 802 300 854 tamen
323 794 431 856 sabulis
452 795 566 854 intexta
582 810 642 854 non
664 794 757 854 solum
773 801 928 854 morantur
949 794 1072 853 actionis

79 880 242 940 decursum
268 885 297 938 et
318 878 396 938 mole
419 879 505 954 quasi
525 877 623 937 inutili
646 882 785 947 onerant,
814 877 866 938 scd
890 877 978 938 etiam
1000 895 1071 938 oon·

78 973 201 1024 centum
225 961 408 1038 singularum
432 963 561 1039 partium
584 960 671 1022 facile
693 961 823 1022 turbant.
868 968 899 1022 et
919 961 1071 1022 latendum

80 1056 125 1108 est
149 1049 199 1108 vix
223 1045 311 1107 ullius
333 1046 450 1107 fabulae
472 1047 649 1124 Euripideae
670 1048 832 1125 perfectam
856 1063 922 1105 esse
944 1063 1071 1107 oecono-

78 1133 170 1191 miam
195 1138 224 1191 et
245 1131 316 1191 satis
339 1130 497 1207 diligenter
519 1130 711 1190 elaboratam.
755 1148 823 1190 nam
847 1129 978 1208 prologi,
1006 1131 1072 1210 qui·

78 1215 136 1276 hus
166 1217 210 1274 rei
239 1222 333 1276 status
362 1216 536 1293 exponitur,
566 1217 674 1275 merito
703 1215 795 1274 ieiuni
823 1212 972 1274 habentur
999 1220 1028 1274 et
1056 1233 1073 1275 a

78 1299 214 1378 perfecta
243 1306 307 1359 arte
334 1298 436 1366 alieni;
465 1300 496 1358 in
524 1299 581 1358 line
609 1315 699 1375 saepe
727 1297 767 1357 dii
796 1296 992 1365 advocantur,
1022 1299 1074 1374 qui

78 1382 216 1443 turbatas
250 1401 301 1443 res
334 1389 513 1460 componant
542 1381 588 1441 vel
617 1383 715 1460 potius
747 1381 856 1441 nodum
890 1381 1072 1450 discindaut;

78 1465 174 1527 multa
210 1466 294 1526 chori
322 1469 437 1527 cantica
463 1484 531 1526 cum
564 1467 679 1526 actione
706 1482 812 1542 parum
840 1472 923 1525 arcto
955 1465 1073 1529 vinculo

78 1569 157 1612 nexa
181 1558 265 1618 sunt;
289 1549 416 1627 denique
432 1553 463 1610 in
486 1552 622 1611 universa
639 1558 787 1610 structura
807 1555 837 1610 et
858 1551 1072 1629 compositione

77 1654 127 1695 ars
151 1634 204 1695 illa
227 1633 428 1703 desideratur,
458 1652 516 1713 qua
538 1633 671 1711 singulae
693 1642 794 1712 partes
820 1642 888 1712 apte
917 1634 1073 1696 conclusae

78 1723 152 1782 sint.
198 1721 307 1778 ceteris
334 1717 443 1779 sabulis
471 1719 551 1779 lonis
579 1719 752 1779 oeconomia
781 1718 962 1797 aliquantum
984 1736 1070 1796 prae·

78 1811 148 1864 stat.
190 1819 333 1880 personas
354 1819 427 1883 quas
448 1809 569 1879 agentes
591 1801 749 1880 Euripides
770 1803 910 1880 proponit
931 1819 990 1861 nou
1011 1809 1072 1862 tarn

78 1885 215 1948 excelsas
241 1886 325 1963 fingit
353 1895 383 1947 et
409 1887 502 1947 animi
529 1888 636 1947 virtute
663 1896 714 1947 aut
747 1887 914 1947 constantia
940 1887 1072 1962 insignes

78 2101 244 2168 Euripidem
267 2103 335 2152 dicit
358 2103 424 2155 Pac
442 2104 501 2155 tei
537 2117 570 2153 cx
587 2103 641 2154 hoc
645 2101 800 2185 Euripidis
818 2102 909 2153 studio
927 2108 1073 2182 corruptos

77 2173 184 2222 civium
202 2184 288 2220 mores
288 2171 409 2252 repetit
426 2171 496 2220 Rau.
516 2172 596 2222 1083:
617 2156 673 2221 noia
678 2162 881 2248 ’ἔκτοότωυὴ
895 2161 1007 2248 πόλις
991 2168 1072 2235 ημῶν

80 2231 335 2304 ὑπογραμματέων
353 2227 544 2303 ἀνεμεστώθη
563 2234 614 2288 nul
634 2222 805 2302 βωμολόχων
824 2228 1047 2303 δημοπιθήκων.

148 2305 194 2368 82)
215 2305 299 2354 Cuius
321 2305 374 2354 hoo
397 2309 440 2354 est
462 2306 592 2355 iudicium
611 2307 656 2367 10,
675 2308 705 2368 1,
725 2307 772 2355 68·
795 2306 859 2354 iliud
879 2306 978 2370 quidem
1001 2320 1072 2356 neruo

78 2389 131 2424 non
147 2373 267 2436 fateatur
278 2387 381 2422 necesse
394 2379 441 2436 est,
459 2375 491 2422 iis
504 2374 547 2438 qui
562 2387 590 2422 se
602 2375 639 2422 ad
649 2374 772 2437 agendum
783 2379 933 2436 comparant
949 2374 1073 2421 utiliorem

78 2443 156 2504 longe
177 2440 238 2503 fore
257 2440 408 2504 Euripiden.
428 2456 533 2504 namque
550 2442 573 2490 ts
590 2446 616 2489 et
634 2455 761 2502 sermone,
785 2455 856 2504 quem
876 2441 958 2503 ipsane
975 2454 1073 2504 quoque

79 2507 275 2572 reprehendunt
287 2507 374 2572 quibus
390 2509 541 2571 gravitaret
557 2508 694 2558 cothurnus
705 2514 732 2557 et
748 2522 825 2557 sonus
837 2506 958 2569 Sophocli
973 2509 1074 2556 uidetur

79 2591 138 2625 csse
161 2575 299 2636 sublimior,
322 2577 402 2638 magis
420 2576 521 2624 accedit
542 2577 656 2625 oratorio
677 2575 769 2639 generi
789 2581 815 2621 et
831 2576 964 2624 sententiis
981 2575 1074 2623 σιτισιω

80 2649 106 2691 et
123 2644 152 2692 in
170 2643 203 2691 iis
215 2657 279 2706 quae
291 2657 308 2690 a
319 2642 477 2704 sapientibus
488 2643 587 2692 tradita
597 2649 656 2690 sunt
672 2641 830 2705 paeneipsio
843 2655 905 2703 pur,
922 2646 948 2690 et
965 2642 1073 2690 dicendo

81 2725 112 2758 ac
129 2710 312 2772 respondendo
331 2708 433 2758 cuilibet
450 2725 535 2760 eorum
553 2710 596 2773 qui
615 2708 764 2770 sacrantur
785 2705 846 2767 foro
864 2708 957 2757 disent
972 2722 1074 2788 compa·

80 2777 195 2837 raudus,
218 2777 245 2824 in
268 2775 412 2837 adfectibus
432 2791 492 2826 vero
514 2792 567 2825 cum
589 2774 701 2825 omnibus
721 2779 799 2823 mirus
818 2775 897 2824 tuna
886 2789 913 2823 ιιι
934 2775 967 2824 iis
983 2776 1028 2840 qui
1048 2777 1075 2825 in

80 2845 247 2894 miseratione
265 2850 382 2893 constant
397 2843 476 2905 facile
490 2844 656 2906 proecipuus.

148 2911 194 2972 83)
212 2909 332 2960 Maxime
342 2910 411 2960 illud
423 2909 599 2960 memorabile
612 2913 655 2958 est
657 2908 748 2974 ,quod
756 2907 922 2973 Aeschylum
931 2913 960 2960 et
970 2909 1074 2973 Sopho·

81 2976 155 3028 clem
169 2976 279 3026 audet'
272 2992 302 3025 1n
319 2982 363 3026 tra
385 2977 473 3028 oediis
486 2977 597 3057 oblique
617 2977 816 3041 perstringere.
835 2977 996 3055 *Sophocles
1007 2978 1073 3031 Ant.

79 3047 147 3096 563ι
175 3033 276 3094 odo*
260 3059 292 3102 ος
310 3032 347 3094 oia
365 2993 476 3109 βλάστη
497 3039 578 3109 μένει
597 3042 666 3102 νοῦς
685 3047 745 3102 τοῖς
768 3041 863 3126 κακῶς
886 3036 1073 3109 apicrensis,

80 3101 152 3162 ἄλλ’
174 3104 329 3188 ἐξίσταται
365 3113 510 3176 impugnat
528 3111 600 3161 hanc
620 3112 811 3161 sententiam
802 3127 831 3160 m
848 3112 990 3189 Antigone
1008 3112 1072 3161 Eur.

81 3179 115 3228 ir.
137 3179 201 3228 165ι
225 3169 259 3228 orl
282 3174 337 3245 γὰρ
355 3173 386 3230 oi
407 3177 501 3238 κακῶς
520 3170 698 3262 πεπραγότες
716 3170 769 3229 σόν
786 3181 850 3237 ταῖς
869 3173 983 3242 τύχαισι
1006 3169 1073 3237 τούς

81 3240 186 3326 λόγους
199 3236 361 3297 ἀπώλεσαν.
384 3246 538 3324 Aeschylus
551 3249 653 3329 respic1
645 3246 796 3296 ’videtur'
787 3262 817 3295 an
829 3248 894 3295 Eur.
904 3244 1000 3326 Suppl.
1010 3247 1072 3295 846:

78 3303 163 3364 tvt’
184 3307 236 3364 oris
256 3304 398 3393 ἐρήσομαί
413 3327 458 3377 σε,
477 3309 516 3380 μη
535 3307 637 3381 γέλωτ’
655 3304 787 3378 ὅφλω,”
768 3329 825 3378 ocor
846 3307 965 3377 ξυνέστη
983 3303 1072 3363 eurd’

81 3375 206 3459 ἕκαστος
225 3373 256 3432 ἐν
274 3397 361 3448 μαχη.
399 3383 518 3461 quaein
536 3382 601 3431 Eur.
620 3380 664 3436 El.
680 3382 731 3433 530
748 3380 889 3461 leguntur,
906 3370 1072 3438 uoiioicd’

82 3462 121 3496 αν
129 3435 241 3525 sipoto
258 3440 479 3528 βοστρύχους
466 3445 642 3514 ομοπτέηους
665 3445 715 3499 nul
743 3464 782 3512 μη
807 3444 929 3512 γεγῶσιν
952 3444 1074 3528 αἵματος

80 3503 206 3591 ταυτοῦ,
231 3511 332 3580 γέρον,
357 3515 505 3566 referendo
529 3522 592 3567 sunt
617 3517 652 3565 ad
671 3514 773 3568 Aesch.
791 3513 859 3564 Cho
878 3516 942 3564 229:
965 3508 1073 3576 σκέψαι

81 3573 159 3648 κόμη
174 3583 337 3651 προσθεῖσα
356 3577 514 3649 βόστρυχον
532 3575 638 3649 τριχός.
