2517 3934
490 223 712 282 ΑΛΚΗΣΤΙΣ
1049 217 1089 286 07

193 393 299 481 τόλμα
313 389 365 462 δ’·
381 389 422 463 ού
438 391 501 480 γὰρ
517 389 649 474 ἀνάξεις
664 387 733 462 ποτ’
749 399 892 481 ἔνερθεν
1037 409 1090 465 000

193 504 321 566 κλαίων
335 493 413 575 τοὺς
432 497 623 583 φθιμένους
641 489 723 563 ἄνω.

195 602 251 668 καλ
265 606 360 668 θεῶν
374 598 503 667 σκότιοι
517 603 684 685 φθίνουσι

194 707 312 782 παῖδες
327 705 365 769 ἐν
378 699 527 792 θανάτῳ.
1036 714 1090 771 ςςο

195 811 277 891 φίλα
291 803 353 893 μὲν
367 799 411 872 ὅτ’
428 793 472 890 ήν
490 798 564 890 μεθ’
581 798 689 890 ήμῶν,

195 913 278 995 φίλα
292 907 330 976 δὲ
344 905 493 976 θανούσ’
508 910 541 985 ἐς
556 906 620 972 ύεί·

194 1008 435 1098 μενναιοτύταν
449 1007 487 1077 δὲ
502 1013 613 1077 πασᾶν

194 1112 312 1197 ἐζεύξω
326 1117 468 1191 κλισίαις
482 1107 622 1180 ἄκοιτιν.
1036 1124 1089 1181 001

195 1215 279 1303 μηδὲ
294 1220 425 1302 νεκρῶν
439 1210 484 1294 ὡς
497 1215 677 1302 φθιμένων
690 1219 784 1299 χῶμα
791 1213 978 1299 νομιζέσθω
1014 1207 1085 1282 ἀντ.

194 1318 318 1405 τύμβος
330 1324 390 1398 σᾶς
404 1314 544 1404 ἀλόχου,
560 1326 672 1385 θεοῖσι
686 1310 718 1383 δ’
736 1310 858 1403 ὁμοίως

194 1417 366 1509 τιμάσθω,
382 1421 480 1507 σέβας
494 1417 661 1508 ἐμπόρων.

196 1531 257 1592 καί
271 1551 320 1603 τις
338 1528 479 1610 δοχμίαν
493 1523 660 1591 κέλευθον
1019 1537 1087 1592 1000

194 1629 365 1714 ἐμβαίνων
383 1621 452 1694 τόδ’
469 1629 554 1714 ἐρεῖ·

195 1726 280 1798 αύτα
295 1728 375 1798 ποτὲ
388 1723 552 1816 προύθαύ
569 1724 703 1814 ἀνδρός,

194 1839 261 1900 νῦν
276 1828 309 1901 δ’
326 1833 396 1901 ἐστὶ
409 1830 556 1919 μύκαιρα
570 1836 718 1918 δαίμων·

193 1931 290 2022 χαῖρ’,
306 1925 334 2002 ὦ
347 1929 465 2020 πότνι’,
482 1924 522 2002 εὖ
536 1934 574 2003 δὲ
588 1937 693 2021 δοίης.

194 2043 286 2106 τοϊαί
296 2064 353 2105 νιν
367 2042 570 2126 προσεροῦσι
584 2040 703 2124 φᾶμαι.
1020 2051 1085 2104 1005

197 2141 254 2208 καλ
268 2138 335 2228 μὴν
347 2135 405 2222 ὅδ’,
422 2134 466 2218 ὦς
480 2145 589 2208 ἔοικεν
587 2134 787 2228 ,Ἀλκμήνης
801 2136 910 2224 γόνος,

184 2239 347 2330 Ἀδμητε,
362 2239 446 2333 πρὸς
459 2239 524 2329 σήν
540 2243 654 2312 εστίαν
672 2239 862 2331 πορεύεται.

77 2352 148 2416 ΗΡ.
190 2351 293 2432 φίλον
307 2341 391 2434 πρὸς
405 2339 514 2432 ανδρα
528 2343 590 2435 χρή
605 2345 717 2470 λέχειν
732 2345 932 2431 ἐλευθέρως,

184 2444 348 2535 Ἀδμητε,
363 2445 545 2535 μομφὰςδ’
563 2443 625 2534 ούχ
639 2443 705 2516 ὑπο
694 2445 921 2534 σπλάγχνοις
935 2451 1023 2531 ἔχειν
1052 2431 1071 2508 λλ

193 2548 339 2638 σιμωνί.
361 2547 426 2637 ἐγω
443 2550 480 2619 δὲ
493 2565 564 2630 σοῖς
579 2564 766 2636 κακοτσινη
788 2555 866 2618 ίουν
1021 2563 1087 2616 1010

195 2651 296 2741 ἐγγύς
310 2651 483 2741 παρεστως
498 2653 706 2737 ἐξετάζεσθαι
721 2657 835 2739 φίλος·

194 2754 238 2825 σὺ
256 2752 289 2823 δ’
306 2751 369 2824 οδκ
383 2761 521 2846 ἔφραζες
534 2762 594 2843 σῆς
608 2760 830 2844 προκείμενον
848 2752 952 2821 νέκυν

195 2857 371 2946 γυναικός,
389 2854 473 2927 ἄλλά
487 2854 517 2946 μ’
534 2859 672 2942 έξένιζες
687 2860 723 2926 έν
738 2856 863 2944 δόμοις,

196 2956 241 3040 ύς
256 2957 298 3048 δή
313 2968 464 3051 θυραίου
479 2960 627 3049 πήματος
642 2957 798 3048 σπουδήν
811 2965 907 3046 ἔχων.

195 3059 344 3146 κύστεφα
357 3070 462 3153 κρᾶτα
475 3065 532 3132 καὶ
550 3074 645 3142 θεοῖς
659 3062 842 3151 ἐλειψόμην
1023 3074 1089 3129 1015

196 3163 344 3245 σπονδὰς
359 3168 396 3235 ἐν
410 3175 515 3246 οἴκοις
529 3171 733 3253 δυστυχοῦσι
746 3181 831 3234 τοῖσι
845 3179 925 3245 σοῖς.

196 3269 253 3336 καὶ
266 3271 438 3356 μέμφομαι
451 3270 514 3355 μὲν
531 3270 703 3356 μέμφομαι
717 3265 841 3337 παθόν
854 3266 944 3352 τάδε,

196 3366 238 3438 ού
257 3367 324 3458 μήν
338 3391 378 3440 σε
393 3379 514 3458 λυπεῖν
527 3373 565 3440 ἐν
580 3385 712 3440 κακοῖσι
728 3369 903 3457 βούλομαι.

196 3461 245 3540 οἷν
259 3469 292 3541 δ’
319 3469 417 3560 εἵνεχ’
433 3469 504 3560 ήκω
519 3468 610 3561 δεῦρ’
626 3469 839 3559 ὑποστρέψας
853 3468 955 3538 πόλιν

194 3576 288 3660 λέξω.
316 3591 462 3663 γυναῖκα
475 3575 576 3663 τήνδε
589 3601 645 3663 μοι
665 3579 776 3642 σῶσον
791 3570 916 3659 λαβών,
1022 3580 1091 3632 1000
