2517 3934
296 208 505 265 ΗΡΑΚΛΗΣ
522 208 830 268 ΜΑΙΝΟΜΕΝΟΣ
1014 206 1077 271 329

185 385 221 447 τί
235 374 277 465 δὴ
293 373 330 444 τό
345 374 472 463 σεμνόν
484 384 533 467 σῷ
549 384 784 465 κατείργασται
801 379 906 464 πόσει,
929 370 956 467 Η

184 476 294 568 όδραν
311 482 421 547 ἕλειον
435 486 467 548 εί
480 478 619 547 διώλεσε
635 477 768 549 κταῗῶν

183 578 204 669 η’
219 580 278 651 τόν
292 583 440 669 Νέμειον
454 578 547 669 θῆρ’;
562 576 602 649 όν
616 585 654 651 έν
669 583 803 671 βρόχοις
818 582 905 653 ἔλων

185 684 362 773 βραχίονός
377 680 453 771 φησ’
469 681 665 772 ἀγχόναισιν
679 688 812 767 ἐξελεῖν.

185 783 292 856 τοῖσδ’
309 789 565 873 έξαγωνίζεσθες
579 783 682 855 τάνδ’
700 784 750 875 ἀρ’
769 792 895 857 εἵνεκεν
1026 808 1077 861 155

183 886 262 968 τούς
271 886 489 977 Ἡρακλείους
504 894 625 967 παῖδας
639 887 680 959 οὐ
695 889 860 978 θνήσκειν
873 890 1002 977 χρεάν;

183 986 220 1071 ὃς
233 998 307 1078 ἔσχε
322 992 424 1073 δόξαν
438 988 541 1061 οὐδέν
556 986 604 1059 τόν
619 989 782 1079 εὐψυχίας

181 1101 301 1182 θηρῶν
315 1097 352 1163 έν
366 1100 477 1183 αἰχμῇ,
495 1090 598 1162 τάλλα
614 1090 647 1161 δ’
664 1091 767 1163 οόδέν
780 1090 928 1182 άλκιμος,

183 1190 220 1274 ὃς
235 1192 347 1265 οὔποτ’
364 1192 479 1264 ἀσπίδ’
499 1203 573 1282 έσχε
589 1194 674 1283 πρὸς
687 1203 766 1286 λαιᾷ
778 1198 851 1284 χερὶ

184 1294 261 1367 οὐδ’
278 1288 364 1384 ἦλθε
379 1297 499 1387 λόγχης
514 1297 630 1385 έγγός,
649 1294 734 1367 ἀλλὰ
749 1295 818 1380 τόξ’
835 1305 937 1386 ἔχων,
1026 1318 1081 1372 160

180 1399 338 1468 κάκιστον
353 1396 474 1487 ὅπλον,
492 1408 532 1490 ιη’
547 1406 641 1489 φυγῇ
656 1400 831 1491 πρόχειρος
847 1392 899 1488 ἦν.

181 1497 306 1590 ἀνδρὸς
321 1499 354 1571 δ’
375 1508 508 1591 ἔλεγχος
523 1498 599 1589 οόχὶ
611 1498 680 1584 τόξ’
698 1498 871 1589 εὐψυχίας,

181 1600 256 1672 ἀλλ’
273 1600 310 1683 ός
323 1606 436 1692 μένων
450 1607 566 1693 βλέπει
580 1632 615 1672 τε
628 1602 880 1694 κάντιδέρκεται

180 1704 280 1796 δορός
295 1723 431 1793 ταχείαν
445 1705 549 1775 άλοκα
563 1707 658 1788 τάξιν
671 1708 830 1796 έμβεβάς.

180 1815 246 1894 ἔχει
262 1807 299 1877 δὲ
313 1805 440 1897 τούμόν
452 1806 515 1878 οὐκ
531 1806 717 1896 ἀναίδειαν,
735 1813 847 1898 γέρον,
1022 1824 1077 1881 1⁶⁶

178 1906 252 1977 ἀλλ’
271 1907 466 1998 εὐλάβειαν·
481 1911 556 1979 οίδα
571 1909 636 1999 γόιρ
651 1909 868 1980 κατακτανών

178 2015 332 2099 Κρέοντα
346 2015 473 2103 πατέρα
487 2018 587 2100 τῆσδε
601 2015 659 2081 καὶ
671 2009 821 2102 θρόνους
837 2020 933 2099 έχων.

178 2111 305 2184 οὔκουν
319 2119 518 2204 τραφέντων
531 2120 641 2184 τοῖνδε
654 2113 820 2204 τιμωροὺς
834 2117 907 2202 έμολ

175 2217 284 2305 χρῄζω
298 2220 457 2287 λιπέσθαι
472 2225 540 2286 των
552 2220 769 2305 δεδραμένων
784 2224 917 2305 [δίκην].

62 2326 144 2388 ΑΜ.
174 2324 210 2389 τό
236 2326 298 2388 τοῦ
311 2318 397 2401 Διὸς
410 2320 472 2408 μὲν
486 2318 571 2400 Ζεός
587 2316 741 2406 ἀμυνέτω
758 2322 874 2404 [μέρει]
1019 2334 1073 2393 170

177 2422 312 2502 παιδός·
335 2422 372 2491 τό
388 2419 420 2492 δ’
439 2429 486 2503 είς
500 2420 559 2510 ἔμ’,
570 2418 754 2510 Ἡράκλεις,
774 2424 848 2510 ἐμοὶ
861 2423 953 2510 μέλει

178 2524 307 2611 λόγοισι
321 2522 383 2611 τὴν
395 2522 490 2594 τοῦδ’
509 2522 661 2612 ἀμαθίαν
675 2521 761 2612 ὑπὲρ
776 2526 880 2593 σέθεν

177 2629 300 2708 δείξαι’
323 2634 433 2708 κακῶς
447 2627 511 2716 γάρ
526 2624 560 2696 σ’
577 2624 641 2696 οὐκ
656 2629 771 2695 ἐατέον
784 2628 913 2695 κλάειν.

178 2736 313 2817 πρῶτον
327 2729 389 2817 μὲν
403 2720 466 2798 οὖν
483 2726 627 2818 τᾶρρητ’,
643 2732 680 2797 έν
695 2726 870 2817 ἀρρήτοισι
883 2729 947 2816 γάρ

179 2828 242 2918 τὴν
256 2834 320 2919 σην
334 2840 456 2919 νομίζω
474 2838 620 2917 δειλίαν,
630 2828 818 2918 Ἡράκλεες,
1022 2844 1072 2901 17ο

178 2932 245 3001 σὺν
258 2933 425 3021 μάρτυσιν
441 2944 535 3013 θεοῖς
550 2939 570 3002 δ
573 2949 605 3003 εί
617 2931 647 3022 μ’
663 2931 848 3016 ἀπαλλάξαι
862 2934 975 3002 σέθεν.

176 3032 261 3115 Διὸς
274 3034 443 3121 κεραυνόν
459 3033 491 3105 δ’
508 3033 640 3124 ἠρόμην
654 3036 824 3125 τέθριππά
836 3062 882 3122 τε,

176 3140 213 3206 έν
228 3132 277 3218 οἷς
292 3136 445 3227 βεβηκώς
459 3153 545 3207 τοίσι
558 3146 619 3225 γῆς
634 3138 841 3227 βλαστήμασι

181 3247 321 3328 Γίγασι,
336 3249 494 3330 πλευροῖς
509 3238 601 3327 πτήν’
619 3241 804 3330 ἐναρμόσας
818 3243 910 3328 βέλη,

174 3340 234 3411 τὸν
248 3350 443 3413 καλλίνικον
456 3342 538 3432 μετὰ
552 3351 646 3413 θεῶν
660 3339 825 3430 έκιόμασε·
1021 3359 1072 3411 180

176 3448 391 3534 τετρασκελές
407 3442 444 3513 θ’
462 3443 612 3533 ὕβρισμα
624 3444 832 3531 Κενταύρων
846 3444 954 3530 γένος,

176 3546 311 3634 Φολόην
326 3548 499 3634 έπελθιόν,
515 3538 543 3615 τό
555 3546 691 3616 κάκιστε
704 3547 881 3633 βασιλέων,
