2517 3934
517 215 681 274 ΒΛΚΧΑΙ

184 385 248 456 τὸν
257 387 408 474 Σεμέλας
422 383 482 454 τὸν
496 383 587 474 παρὰ
600 387 879 476 καλλιστεφύνοις

183 487 415 579 εὐφροσύναις
429 493 571 576 δαίμονα
585 495 682 577 πρω-

184 619 246 661 τον
259 589 439 680 μακύρων;
454 587 491 672 ὃς
504 588 579 660 τύδ’
595 597 674 680 ἔχει,

185 693 365 764 θιασεύειν
378 719 414 761 τε
428 707 541 783 χοροῖς

183 795 268 885 μετά
282 792 306 865 τ’
323 792 432 864 αύλοῦ
447 793 586 883 γελάσαι

182 895 383 968 ἀποπαῦσαί
393 925 429 966 τε
447 904 620 986 μερίμνας,

184 997 312 1069 ὁπόταν
326 999 470 1088 βότρυος
486 1007 571 1090 ἔλθῃ

183 1103 286 1191 χιόνος
301 1104 338 1170 ἐν
353 1104 443 1170 δαιτὶ
456 1109 560 1190 θεῶν,

183 1203 400 1293 κισσοφόροις
414 1201 446 1272 δ’
466 1208 503 1273 ἐν
516 1212 653 1283 θαλίαις

181 1303 328 1394 ἀνδράσι
342 1304 470 1395 κρατὴρ
485 1303 596 1376 ὕπνον
611 1304 817 1399 όιμφιβύλλρ.
1028 1323 1080 1379 385

186 1405 357 1496 ἀχαλίνων
371 1408 546 1497 στομάτων
954 1403 1028 1478 ἆντ.

185 1507 315 1598 ἀνόμου
331 1507 355 1579 τ’
373 1507 571 1600 ἀφροσύνας

183 1611 221 1682 τὸ
236 1616 330 1692 τέλος
344 1617 524 1700 δυστυχία·

183 1711 204 1784 ό
219 1714 256 1784 δὲ
269 1722 328 1794 τᾶς
341 1711 483 1803 ἡσυχίας

184 1825 297 1906 βίοτος
310 1819 367 1886 καὶ
381 1816 418 1887 τὸ
435 1833 577 1906 φρονεῖν

183 1917 372 1989 ιἰσόλευτόν
385 1947 421 1988 τε
434 1922 528 2008 μένει

185 2023 241 2090 καὶ
258 2023 392 2108 συνέχει
408 2023 559 2110 δώματα·
576 2020 693 2110 πόρσω
706 2021 772 2110 γὰρ
786 2019 874 2112 ὅμως

182 2126 307 2212 αίδὲρα
323 2132 474 2204 ναίοντες
489 2119 579 2213 ὁρω-

184 2247 241 2294 σιν
256 2224 297 2295 τὰ
311 2234 444 2314 βροτῶν
458 2223 648 2314 οὐρανίδαι.

185 2329 222 2396 τό
236 2327 345 2416 σοφὸν
360 2325 393 2397 δ’
410 2325 452 2398 ού
466 2336 569 2416 σοφία

187 2429 273 2499 τότε
287 2429 332 2519 μὴ
346 2430 456 2519 θνητὰ
471 2445 624 2520 φρονεῖν.

184 2529 313 2621 βραχύς
326 2533 427 2602 αἰών·
443 2535 498 2602 ἐπὶ
511 2533 619 2626 τούτῳ

187 2637 228 2704 δέ
239 2663 289 2716 τις
304 2629 347 2703 ύν
362 2635 490 2723 μεγάλα
505 2631 641 2704 διόπων

185 2735 226 2805 τὰ
240 2735 375 2826 παρόντ’
393 2734 469 2824 ούχὶ
484 2741 592 2826 φέροι.

183 2842 398 2928 μαινομένων
412 2837 445 2908 δ’
467 2845 539 2910 οἵδε
553 2839 672 2930 τρόποι
1027 2849 1080 2908 400

182 2943 241 3011 καὶ
255 2943 475 3031 κακοβούλων
489 2939 563 3031 παρ’
582 2949 695 3031 ἔμοιγε
711 2947 846 3030 φωτῶν.

185 3049 319 3132 ίκοίμαν
332 3047 407 3115 ποτὶ
422 3043 576 3134 Κύπρον,

183 3152 289 3216 νᾶσον
302 3154 359 3227 τᾶς
370 3144 578 3235 Ἀφροδίτας,

184 3252 222 3317 ἐν
236 3241 258 3340 ᾇ
271 3253 494 3338 θελξίφρονες
507 3253 630 3337 νέμον-

184 3379 239 3420 ται
252 3348 590 3439 θνατοῖσινἝρωτες,

184 3452 293 3541 χθόνα
307 3449 340 3522 θ’
356 3450 399 3524 ἂν
414 3454 628 3543 ἑκατόστομοι

383 3570 765 3626 4οἳ“415;416-433
