2517 3934
467 143 720 201 ΙΠΠΟΛΤΤΟΣ
1039 140 1102 205 455

213 314 362 405 λόγοισιν
376 310 489 401 ἥσθην
502 319 631 383 τοῖσδε·
645 319 712 383 νῦν
726 309 759 382 δ’
776 310 976 402 αίδούμενος

213 416 317 497 θεούς
331 414 361 483 τ’
379 414 509 485 ἐκεῖνόν
523 410 573 502 θ’,
592 411 708 484 οὕνεκ’
725 417 816 485 ἐστίν
830 418 863 499 ἐξ
878 420 970 505 ἐμοῦ,

213 517 295 589 οὔθ’
311 516 434 606 ἥδομαι
448 514 554 587 τοῖσδ’
569 513 643 586 οὔτ’
660 518 848 605 ἐπύχθομαι
862 536 986 600 κακοῖς.
1036 540 1103 595 1260

100 630 195 693 ΑΓΓ.
211 630 281 702 πῶς
294 612 375 703 ούν;
390 627 536 708 κομίζειν
549 614 571 708 ἢ
584 627 620 688 τί
629 619 691 708 χρὴ
705 618 765 689 τὸν
779 618 903 691 ἄθλιον

214 724 400 813 δράσαντας
414 720 499 811 ἡμᾶς
511 730 554 812 σῇ
567 730 760 809 χαριζεσθαι
775 730 880 813 φρενί
884 754 892 805 ;

215 822 385 914 φρόντιζ’·
402 828 492 913 ἐμοῖς
506 825 543 894 δὲ
556 823 727 914 χρώμενος
740 826 969 914 βουλεύμασιν

213 925 275 997 ούκ
290 925 379 1015 ὠμός
394 934 441 1007 είς
455 924 518 996 σὸν
531 932 635 996 παῖδα
649 924 871 1015 δυστυχοῦντ’
888 934 966 999 ἔσει.

97 1039 172 1101 ΘΗ.
212 1028 354 1118 κομιζεύ
371 1027 495 1115 αὐτόν,
512 1025 556 1108 ὥς
570 1027 655 1098 ίδων
669 1034 706 1099 έν
720 1026 842 1119 ὄμμασι

211 1130 272 1202 τὸν
284 1130 359 1219 τᾶμ’
377 1128 615 1220 ἆποιρνηθέντα
628 1131 673 1219 μὴ
687 1139 806 1221 χρᾶναι
820 1135 897 1220 λέχη

211 1234 322 1322 λόγοις
335 1231 365 1302 τ’
381 1236 501 1320 ἐλέγξω
515 1234 687 1321 δαιμόνων
700 1262 736 1304 τε
749 1251 948 1323 συμφοραῖς.

98 1346 168 1408 XO.
210 1334 254 1405 οὐ
266 1336 330 1405 τὰν
341 1343 435 1405 θεῶν
447 1333 620 1424 ἄκαμπτον
636 1340 744 1426 φρένα
758 1339 814 1407 καλ
827 1345 959 1428 βροτῶν

213 1436 321 1526 ἄγεις,
339 1437 469 1526 Κύπρι·
486 1438 553 1507 σὺν
566 1436 598 1507 δ’

211 1538 229 1610 ὁ
244 1542 496 1629 ποικιλόπτερος
510 1538 712 1628 ἆμφιβαλόν

213 1640 371 1735 οόκυτοίτφ
385 1651 495 1736 πτερῷ

213 1753 352 1814 ποτᾶται
362 1742 414 1813 ’πλ
427 1762 527 1832 γαῖαν
541 1742 703 1833 εύόχητόν
717 1742 755 1814 θ’
781 1733 792 1751 ⁸

211 1845 363 1936 ἁλμυρόν
377 1850 431 1914 ἐπὶ
447 1847 581 1917 πόντον.

211 1953 326 2038 θέλγει
341 1945 373 2017 δ’
381 1944 505 2038 Ἔρως,
520 1940 547 2042 ᾧ
560 1951 744 2041 μαινομένα
757 1955 879 2041 κραδίᾳ

211 2051 334 2133 πτανὸς
347 2052 519 2141 έφορμάση

211 2153 414 2277 ιεγσοφχήε,
445 2256 453 2277 Ι

212 2276 318 2343 φυσιν
333 2277 504 2343 ορεσκοων

212 2357 389 2427 σκυλάκων
403 2366 573 2446 πελαγίων
586 2354 624 2425 θ’
642 2354 704 2426 ὅσα
716 2384 752 2426 τε
765 2364 807 2445 γᾶ
823 2358 950 2447 τρέφει,

212 2456 389 2541 τὰνἍλιος
401 2461 582 2549 αίθόμενος
600 2462 764 2547 δέρκεται,

212 2559 338 2649 ἄνδρας
350 2585 404 2631 τε·
419 2562 624 2651 συμπάντων
641 2561 679 2630 δέ

213 2671 391 2754 βασιληίδα
406 2665 521 2752 τιμοίν,
537 2663 663 2752 Κύπρι,

212 2772 319 2836 τῶνδε
331 2766 418 2854 μόνα
431 2766 618 2855 κρατύνεις.

157 2924 164 2935 .
211 2869 248 2937 σε
261 2869 320 2938 τὸν
337 2866 543 2957 εὐπατρίδαν
556 2870 686 2955 Αίγέως
699 2869 835 2954 κέλομαι

211 2967 305 3039 παῖδ’
322 2975 523 3039 ἐπακοῦσαι·

210 3080 341 3160 Λητοῦς
355 3074 393 3141 δὲ
407 3074 490 3161 κόρη
503 3069 695 3162 σ”Ἀρτεμις
708 3067 813 3139 αύδοῖ.

211 3182 341 3263 Θησεῦ,
356 3182 392 3243 τί
401 3176 500 3255 τάλας
513 3179 625 3243 τοῖσδε
639 3172 789 3261 συνήδει,

212 3274 305 3346 παῖδ’
320 3274 383 3364 ούχ
396 3274 497 3357 ὁσίως
511 3277 573 3346 σὸν
586 3273 795 3362 ἀποκτείνας,

211 3380 351 3459 ψευδέσι
364 3380 488 3467 μύθοις
501 3377 625 3467 ἀλόχου
643 3384 794 3459 πεισθεὶς

211 3477 337 3570 ιἰφαυῆς
350 3480 503 3568 φανερὰν
519 3474 550 3547 δ’
563 3486 699 3566 ἔσχεθες
714 3478 806 3567 ἄτην.
