2517 3934
188 181 252 247 236
612 185 762 244 ΕΛΕΝΗ

190 361 322 423 ΘΕΟΚ.
337 353 507 442 σύγγονον
524 368 661 422 κτανεῖν
674 358 849 473 κακίστην,
864 359 936 419 XO.
954 348 1198 442 εὐσεβεστάτην

643 454 705 540 μὲν
718 479 793 522 ουν.

191 566 322 627 ΘΕΟΚ.
338 555 359 645 ἦ
373 584 414 644 με
428 555 627 646 προύδωκεν
642 563 713 623 XO.
736 554 841 641 καλήν
860 581 899 641 γε
918 560 1122 644 προδοσίαν,
1144 563 1199 626 δί-

648 684 726 725 καια
740 661 837 745 δρῦν.

191 769 323 829 ΘΕΟΚ.
337 757 423 847 τάμδι
437 755 548 849 λέκτρ’
565 756 655 849 ἄλλῳ
671 763 823 828 διδοῦσα.
846 765 918 825 ΧΟ.
934 772 1003 837 τοῖς
1015 785 1054 846 γε
1068 785 1199 848 κυριω-

650 887 768 949 τεροις.

192 972 323 1032 ΘΕΟΚ.
338 963 454 1051 κύριος
471 961 508 1030 δὲ
527 969 596 1030 τῶν
610 966 700 1049 ε’μῶν
713 967 780 1042 τίς;
800 968 873 1029 XO.
888 955 925 1039 ῦς
938 966 1059 1049 ἐλαβεν
1073 962 1198 1052 πατρὸς

648 1062 748 1152 πάρα.
1130 1080 1198 1135 1665

192 1175 322 1236 ΘΕΟΚ.
338 1163 412 1236 ἀλλ’
429 1172 555 1235 ἐδωκεν
568 1161 589 1253 ἡ
602 1164 686 1251 τύχη
699 1191 765 1252 μοι.
781 1171 853 1232 XO.
868 1160 906 1233 τὸ
921 1164 959 1232 δὲ
973 1163 1082 1253 χρεῶν
1096 1162 1192 1253 ιἰφεί·

649 1277 734 1336 λετο.

192 1378 323 1439 ΘΕΟΚ.
339 1367 380 1438 οῦ
409 1371 446 1438 σέ
472 1367 558 1457 τάμά
584 1367 647 1457 χρὴ
676 1368 832 1451 δικάζειν.
860 1375 933 1434 XO.
953 1363 996 1454 ἦν
1016 1396 1055 1456 γε
1073 1377 1198 1457 βελτίω

648 1473 745 1558 λέγω.

192 1581 323 1642 ΘΕΟΚ.
339 1569 521 1661 ἀρχόμεσθ’
539 1570 606 1661 ἄρ’,
630 1569 672 1641 οῦ
688 1578 886 1661 κρατοῦμεν.
907 1579 980 1639 XO.
1002 1568 1076 1640 ὅσια
1097 1578 1198 1661 δρᾶν,

644 1673 685 1742 τὰ
698 1670 730 1742 δ’
747 1670 853 1742 ἔκδικ’
871 1668 923 1742 οὗ.

191 1784 323 1844 ΘΕΟΚ.
339 1788 523 1847 κατθανεῖν
544 1779 624 1865 ἐρῶν
646 1783 765 1855 ἔοικας.
787 1783 859 1845 XO.
878 1789 1003 1843 κτεῖνε·
1026 1775 1199 1863 σύγγονον

646 1879 684 1946 δέ
697 1876 762 1965 σην

307 1977 347 2047 οῦ
362 1996 488 2060 κτενεῖς
502 1977 598 2068 ἡμῶν
609 1981 767 2067 ἑκόντων,
780 1979 848 2050 ἀλλ’
857 1978 916 2068 ἔμ’·
936 1978 981 2060 ῶς
992 1982 1056 2067 πρὸ
1071 1982 1198 2046 δεσπο-

649 2088 717 2149 τῶν
1127 2094 1199 2149 1640

305 2199 391 2253 τοῖσι
408 2191 594 2272 γενναίοισι
608 2183 745 2263 δούλοις
759 2180 998 2252 εὐκλεέστατον
1010 2192 1143 2250 θανεῖν.

192 2294 251 2355 ΔΙ.
306 2289 435 2373 ἐπίσχες
449 2282 551 2375 ὀργὰς
564 2281 656 2354 αἷσιν
671 2282 734 2355 οῦκ
748 2281 863 2374 ὀρθῶς
876 2287 984 2374 φέρει,

307 2388 534 2476 Θεοκλύμενε,
550 2394 649 2473 μαίας
666 2390 764 2478 τῆσδ’
783 2392 883 2474 άναξ·
905 2391 1012 2459 δισσοὶ
1030 2389 1070 2460 δέ
1087 2411 1127 2460 σε

304 2488 488 2578 Διόσκοροι
502 2496 687 2576 καλοῦμεν,
701 2484 760 2567 οῦς
773 2488 869 2575 Λήδα
882 2486 962 2557 ποτὲ

308 2599 436 2661 ἔτικτεν
448 2589 584 2680 Ἑλένην
598 2588 650 2678 θ’,
666 2587 688 2678 ἣ
702 2594 852 2678 πέφευγε
868 2588 948 2669 σοῦς
962 2586 1103 2674 δόμους·
1129 2601 1199 2658 1645

306 2689 347 2763 οῦ
361 2693 426 2782 γάρ
441 2695 710 2782 πεπρωμένοισιν
724 2689 849 2781 όργίζει
863 2691 990 2779 γάμοις,

307 2792 383 2864 οὐδ’
399 2793 420 2883 ἡ
434 2802 517 2876 θεάς
530 2801 691 2884 Νηρῇδος
705 2801 843 2881 ἐκγονος
856 2794 940 2883 κόρη

307 2893 420 2965 άδικεῖ
430 2893 463 2965 σ’
482 2894 612 2985 άδελφὴ
629 2896 756 2983 Θεονόη
770 2894 810 2963 τά
823 2903 891 2963 τῶν
905 2900 998 2963 θεῶν

307 3005 432 3084 τιμῶσα
446 2997 568 3088 πατρός
581 2995 612 3068 τ’
627 3002 783 3078 ἐνδίκους
797 2996 979 3075 ἐπιστολάς.

308 3106 354 3179 είς
367 3099 429 3186 μὲν
442 3097 506 3189 γάρ
522 3097 574 3168 άεὶ
587 3099 647 3171 τὸν
660 3101 809 3190 παρόντα
821 3106 889 3167 νῦν
902 3096 1025 3187 χρόνον
1130 3111 1202 3166 1666

307 3207 423 3289 κείνην
437 3219 605 3271 κατοικεῖν
618 3219 728 3272 σοῖσιν
742 3207 779 3271 ἐν
795 3201 910 3288 δόμοις
925 3204 1040 3287 ἐχρῆν·

307 3306 378 3372 ἐπεὶ
393 3305 430 3373 δὲ
448 3310 568 3387 Τροίας
581 3304 786 3391 ἐξανεστάθη
798 3304 923 3391 βάθρα,

306 3409 362 3473 καλ
375 3422 443 3484 τοῖς
456 3416 549 3484 θεοῖς
564 3408 706 3494 παρέσχε
719 3400 870 3491 τοῦνομ’,
885 3400 1012 3473 οῦκέτι·

307 3509 344 3572 ἐν
370 3521 476 3575 τοῖσιν
504 3503 607 3595 αὐτῆς
622 3512 678 3576 δεῖ
687 3535 744 3576 νιν
758 3509 913 3593 ἐζεῦχθαι
926 3503 1043 3593 γάμοις
