2517 3934
186 141 250 207 444
550 146 809 206 ΙΠΠΟΛΤΓΟΣ

301 315 439 401 νεκρόν·
459 321 617 402 μεγίστου
633 312 807 401 θαύματος
819 308 893 383 τύδ’
908 310 1016 397 ἄξιον·

305 412 349 504 ἣν
363 413 484 505 ἀρτίως
497 424 647 500 ἔλειπον,
662 410 685 502 ἢ
698 412 784 503 φάος
797 414 875 484 τόδε

302 514 398 586 οῦπω
411 518 534 607 χρόνον
547 514 692 586 παλαιὸν
706 519 921 604 είσεδέρκετο.

302 626 339 688 τί
353 627 463 708 χρῆμα
475 619 611 705 πάσχεις
624 625 671 707 τῷ
685 618 799 709 τρόπῳ
814 618 1003 701 διόλλυταις

303 721 424 809 πάτερ,
439 724 613 790 πυθέσθαι
626 717 792 809 βούλομαι
807 722 909 788 σέθεν
922 719 1021 808 πάρα.
1139 736 1184 792 910

302 830 414 912 σιγᾴςς
427 830 555 910 σιωπῆς
567 819 601 891 δ’
619 818 722 891 οῦδὲν
736 829 837 910 ἔργον
850 825 888 890 έν
901 836 1031 901 κακοῖς·

299 919 320 1011 ἡ
334 922 398 1013 γάρ
412 931 569 993 ποθοῦσα
582 923 691 992 πάντα
705 928 828 1010 καρδία
844 922 960 991 κλύειν

301 1022 366 1094 κάν
381 1040 450 1105 τοις
465 1040 597 1095 κακοῖσι
610 1032 722 1111 λίχνος
735 1015 812 1094 ούσ’
828 1020 1006 1094 ἁλίσκεται.

304 1123 345 1194 ού
361 1123 429 1214 μὴν
443 1134 564 1214 φίλους
578 1154 617 1213 γε
631 1122 706 1195 κάτι
719 1133 848 1213 μᾶλλον
861 1121 883 1213 ἢ
896 1133 1016 1213 φίλους

303 1228 465 1316 κρύπτειν
480 1233 614 1297 δίκαιον
627 1225 688 1308 σάς
701 1228 804 1316 πάτερ
820 1231 1035 1315 δυσπραξίας.
1139 1245 1184 1301 915

253 1380 261 1393 .
303 1319 332 1397 οἷ
346 1325 444 1398 πόλλ’
460 1326 708 1419 ἁμαρτάνοντες
721 1326 898 1414 άνθρωποι
911 1329 1029 1417 μάτην,

301 1438 337 1499 τί
347 1428 389 1518 δὴ
403 1433 518 1517 τέχνας
531 1430 595 1519 μὲν
610 1438 733 1519 μυρίας
747 1430 922 1501 διδάσκετε

301 1533 358 1600 καὶ
370 1532 477 1600 πάντα
490 1541 687 1620 μηχανᾶσθε
701 1530 944 1621 κάξευρίσκετε,

304 1628 342 1701 ἓν
356 1630 388 1701 δ’
405 1629 468 1702 ούκ
482 1631 660 1702 ἐπίστασθ’
678 1630 754 1703 οὐδ’
770 1634 988 1721 ἐθηράσασθί
1000 1661 1064 1722 πω,

304 1750 446 1822 φρονεῖν
459 1736 633 1805 διδάσκειν
646 1731 735 1805 οἷσιν
750 1731 813 1805 ούιι
828 1742 936 1805 ἔνεστι
952 1744 1050 1817 νοῦς;
1139 1753 1185 1807 9κο

240 1886 249 1903 .
302 1834 417 1906 δεινὸν
429 1840 596 1926 σοφιστὴν
612 1836 722 1924 εἶπας,
737 1833 827 1917 ὅστις
841 1828 882 1907 εύ
896 1854 1037 1925 φρονεῖν
1251 1860 1252 1928 η

301 1936 380 2018 τούς
393 1937 439 2026 μὴ
454 1946 667 2028 φρονοῦντας
681 1938 824 2019 δυνατός
838 1936 905 2009 ἐστ’
921 1936 1119 2027 ἀναγκάσαι.
1144 2005 1151 2023 ,

301 2036 375 2108 ἄλλ’
391 2037 434 2108 ού
450 2041 514 2129 γάρ
528 2045 566 2110 ἐν
579 2044 690 2110 δέοντι
704 2050 935 2129 λεπτουργείς,
951 2040 1066 2131 πάτερ,
1250 2048 1251 2120 λ

300 2143 438 2210 δέδοικα
450 2142 496 2229 μή
508 2164 571 2213 σου
583 2140 709 2230 γλῶσσ’
727 2140 899 2232 ύπερβάλη
912 2160 1036 2224 κακοῖς.

186 2248 260 2310 ΘΗ.
302 2250 386 2331 φεῦ,
403 2250 488 2331 χρῆν
501 2252 651 2332 βροτοῖσι
664 2252 733 2314 τῶν
747 2253 858 2333 φίλων
873 2244 1053 2333 τεκμήριον
1137 2262 1186 2317 925
1249 2228 1250 2314 λ

125 2355 130 2373 ”
301 2346 407 2433 σαφές
420 2374 451 2413 τι
465 2358 600 2416 κεῖσθαι
616 2348 673 2415 καλ
687 2346 872 2434 διάγνωσιν
886 2354 1034 2434 φρενοῦν,

299 2442 390 2525 ὅστις
405 2444 436 2515 τ’
453 2442 583 2535 άληθης
597 2451 687 2517 ἐστιν
702 2446 738 2528 ὅς
753 2477 787 2518 τε
801 2446 846 2536 μὴ
862 2456 974 2535 φίλος·

300 2547 415 2627 δισσάς
428 2576 464 2617 τε
480 2547 597 2636 φωνάς
610 2550 736 2630 πάντας
748 2548 952 2639 ἀνθρώπους
967 2556 1064 2637 ἔχειν,

298 2649 360 2738 τὴν
373 2650 435 2737 μὲν
450 2655 600 2737 δικαίαν,
616 2650 678 2738 την
691 2649 723 2721 δ’
740 2648 829 2731 ὅπως
842 2652 1035 2740 ἐτύγχανεν,

300 2748 346 2831 ὦς
359 2748 379 2839 ἡ
394 2760 569 2840 φρονοῦσα
584 2749 695 2823 τᾶδικ’
711 2755 900 2841 ἐξηλέγχετο

203 2840 257 3023 tp
298 2852 382 2940 πρὸς
395 2861 452 2942 τῆς
466 2859 613 2942 δικαίας,
628 2852 713 2925 κούκ
732 2852 774 2924 άν
788 2852 1003 2943 ἠπατύμεθα.

184 2963 206 3025 1
238 3007 246 3021 .
299 2951 373 3024 ἄλλ’
384 2929 534 3043 {Tussis
549 2955 612 3025 σδν
627 2947 688 3036 οῦς
701 2985 742 3045 με
757 2955 929 3046 διαβαλῶν
942 2963 1010 3043 ἔχει

301 3064 429 3146 φίλων,
443 3065 610 3145 νοσοῦμεν
624 3054 657 3127 δ’
673 3056 776 3129 ούδὲν
789 3056 883 3138 ὄντες
897 3068 1011 3139 αἴτιοις

298 3167 335 3229 έκ
349 3188 400 3229 τοι
413 3163 619 3247 πέπληγμαι·
635 3161 689 3229 σοὶ
704 3159 767 3250 γάρ
783 3160 1009 3248 ἐκπλήσσουσί
1021 3187 1064 3247 με

298 3261 393 3346 λόγοι
408 3261 696 3349 παραλλάσσοντες
711 3265 838 3351 ἔξεδροι
853 3268 1000 3351 φρενοῦν.
1135 3278 1187 3334 935

183 3364 257 3425 ΘΗ.
296 3367 364 3446 φεῦ
378 3368 436 3447 τῆς
449 3369 602 3449 βροτείας
616 3368 692 3446 (ποί
701 3365 904 3452 προβήσεται
913 3370 936 3447 ;)
953 3363 1095 3452 φρενός·

297 3465 333 3525 τί
342 3462 443 3547 τέρμα
456 3461 576 3549 τόλμης
589 3465 645 3532 καὶ
659 3465 809 3552 θράσους
823 3465 1014 3554 γενήσεται;
