2517 3934
161 196 225 264 102
567 203 731 262 ΒΑΚΧΑΙ

274 379 332 459 τῆς
347 377 406 460 σῆς
422 365 652 450 άνοίαςτόνδε
668 367 728 439 τὸν
745 371 951 442 διδάσκαλον
1115 394 1169 448 345

277 479 377 562 δίκην
390 474 528 560 μέτειμι.
546 473 702 558 στειχέτω
716 499 766 551 τις
780 469 826 553 ὥς
839 475 946 561 τάχος,

276 574 389 646 ἐλθών
404 574 442 643 δέ
458 573 587 654 θάκους
602 570 699 642 τοῦδ’
716 570 756 643 ἵν’
773 581 998 646 οἰωνοσκοπεῖ

275 687 408 766 μοχλοῖς
421 683 576 764 τριαίνου
589 671 803 764 κάνάτρεψον
817 684 971 766 ἔμπαλιν,

274 778 345 850 άνω
359 778 448 849 κάτω
461 775 502 846 τὰ
515 777 624 846 πάντα
641 780 783 866 συγχέας
797 775 894 867 ὁμοῦ,

274 885 331 952 καὶ
343 875 494 968 στέμματ’
512 875 647 967 ἀνέμοις
660 883 717 948 καί
732 883 934 950 θυέλλαισιν
950 884 1064 970 μέθες.
1114 899 1168 953 350
1255 896 1256 909 ’

273 985 416 1073 μάλιστα
429 981 493 1072 γάρ
508 1009 566 1050 νιν
579 981 719 1070 δήξομαι
732 983 859 1071 δράσας
872 983 963 1053 τάδε.

272 1082 306 1157 οἳ
320 1083 354 1156 δ’
371 1082 436 1155 άνά
450 1083 548 1153 πόλιν
562 1093 750 1171 στείχοντες
764 1086 975 1173 ἐξιχνεύσατε

273 1187 333 1259 τὸν
346 1187 573 1277 θηλύμορφον
585 1188 700 1273 ξένον,
715 1182 752 1267 δς
769 1190 918 1278 εἰσφέρει
930 1187 1033 1259 νόσον

273 1289 396 1378 καινὴν
412 1290 546 1380 γυναιξὶ
560 1290 617 1356 καί
632 1292 709 1377 λέχη
725 1297 934 1377 λυμαίνεται.

274 1390 402 1481 κάνπερ
416 1392 555 1480 λάβητε,
571 1393 709 1479 δέσμιον
724 1392 912 1479 πορεύσατε
1115 1407 1169 1461 355

274 1491 364 1584 δεῦρ’
381 1493 496 1581 αύτόν,
512 1489 556 1574 ὦς
570 1488 613 1562 άν
626 1499 789 1581 λευσίμου
804 1499 901 1582 δίκης
915 1493 1027 1580 τυχών

274 1593 366 1686 θάνη
379 1594 504 1686 πικράν
517 1595 701 1685 βάκχευσιν
715 1599 753 1666 ἐν
767 1596 893 1685 Θήβαις
907 1595 1001 1666 ἰδάν.

164 1706 248 1766 ΤΕΙ.
277 1691 304 1767 ὦ
318 1695 447 1786 σχέτλι’,
463 1696 508 1779 άς
523 1696 587 1767 ούιι
601 1698 705 1767 οἰσθα
718 1706 785 1767 πού
803 1695 872 1768 ποτ’
893 1698 924 1768 εἶ
936 1697 1059 1787 λόγων.

274 1803 421 1890 μέμηνας
434 1798 499 1890 ἤδη
513 1802 570 1870 καὶ
584 1803 666 1890 πρὶν
680 1803 810 1889 ἐξέστης
825 1808 974 1890 φρενῶν.

275 1911 457 1994 στείχωμεν
469 1900 580 1992 ἡμεῖς,
595 1903 724 1991 Κάδμε,
739 1901 974 1992 κάξαιτύμεθα
1116 1917 1171 1973 360

273 2004 358 2095 ὑπέρ
376 2034 412 2076 τε
426 2006 548 2076 τούτου
561 2012 683 2094 καίπερ
698 2003 795 2086 ὄντος
808 2003 931 2095 άγρίου

276 2105 362 2196 ύπίρ
376 2137 411 2177 τε
425 2109 570 2196 πόλεως,
585 2106 646 2177 τὸν
660 2105 746 2176 θεὸν
758 2108 865 2197 μηδὲν
878 2111 958 2178 νέον

273 2217 370 2297 δρᾶν.
385 2208 454 2280 ἀλλ’
471 2214 555 2280 ἕπου
571 2239 628 2298 μοι
642 2217 799 2279 κισσίνου
812 2211 959 2299 βάκτρου
973 2211 1071 2297 μέτα·

274 2320 381 2402 πειρῶ
395 2310 428 2382 δ’
446 2310 622 2402 άνορθοῦν
636 2309 716 2400 σῶμ’
733 2313 824 2402 ἐμόν,
840 2311 932 2401 κάγύ
947 2311 984 2381 τδ
999 2311 1078 2381 σύν·

274 2417 412 2504 με’ροντε
427 2412 459 2484 δ’
476 2414 615 2505 αἰσχρὸν
629 2414 693 2484 δύο
706 2431 838 2486 πεσεῖν·
859 2425 918 2485 ἰτω
932 2412 966 2484 δ’
983 2410 1082 2504 ὅμως.
1116 2428 1169 2483 365

275 2525 321 2610 τῷ
335 2525 469 2610 Βακχίῳ
483 2517 548 2607 γάρ
563 2524 609 2610 τῷ
624 2515 710 2598 Διὸς
724 2521 938 2588 δουλευτέον.

274 2611 588 2703 Πενθεύςδύπως
600 2618 646 2708 μὴ
661 2623 788 2701 πένθος
803 2626 940 2690 εἰσοίσει
950 2617 1067 2704 δόμοις

274 2739 343 2804 τοϊς
357 2741 461 2812 σοῖσι,
474 2724 607 2812 Κάδμε·
630 2730 774 2814 μαντικῇ
787 2723 850 2811 μέν
863 2719 904 2792 ού
920 2723 1018 2809 λέγω,

274 2842 343 2906 τοῖς
357 2827 549 2917 πράγμασιν
563 2827 617 2895 δέ·
633 2832 730 2913 μύρα
742 2823 808 2914 γάρ
822 2832 934 2915 μῶρος
948 2824 1051 2911 λέχει.

161 2936 232 3000 XO.
268 2925 363 2997 Ὁσία
377 2930 483 2998 πότνα
496 2935 602 3014 θεῶν,
993 2946 1065 3014 στρ.
1118 2936 1169 2992 370

189 3077 191 3082 -
272 3027 366 3100 Ὁσία
380 3028 412 3100 δ’
431 3027 550 3100 άκατά
563 3037 630 3119 μάν

275 3135 422 3223 χρυσέαν
436 3135 586 3223 πτέρυγα
603 3134 728 3221 φέρεις,

274 3235 355 3306 τάδε
370 3239 533 3317 Πενθέως
546 3232 649 3318 άίειςς

277 3337 363 3418 άίεις
376 3337 438 3426 ούχ
451 3336 550 3408 ὁσίαν

277 3435 381 3529 ύβριν
396 3446 442 3520 εἰς
455 3439 515 3510 τὸν
527 3437 688 3529 Βρόμιον,

476 3558 530 3612 370
539 3583 576 3594 -
584 3557 637 3612 385
643 3554 744 3610 :386
752 3580 791 3594 ··
798 3556 850 3611 401
