2517 3934
445 158 703 219 ΙΠΠΟΛΤΓΟΣ

45 383 54 401 ..
181 324 259 409 ἑνός
274 324 309 398 δ’
324 324 478 415 άθικτος,
494 318 522 419 ᾦ
537 354 579 415 με
595 334 663 395 νῦν
676 330 766 398 ἑλεῖν
779 334 906 409 δοκεῖς·

180 432 299 517 λέχους
312 428 377 517 γάρ
392 437 439 510 εἰς
452 424 526 498 τόδ’
541 425 666 517 ἡμέρας
682 425 788 517 άγνὸν
801 431 912 518 δέμας.

182 528 246 600 οὐκ
259 530 335 600 οἶδα
348 534 470 618 πρᾶξιν
482 529 584 616 τήνδε
596 528 687 617 πλήν
699 531 788 623 λόγῳ
804 530 919 600 κλάων

179 640 296 722 γραφή
310 660 346 701 τε
359 632 529 702 λεύσσων·
544 628 625 700 οὐδὲ
637 638 743 700 ταῦτα
757 630 822 723 γάρ
837 648 976 704 σκοπεῖν
1004 652 1072 705 1000

181 734 360 822 πρόθυμός
374 740 458 821 είμι,
474 735 649 823 παρθένον
661 731 774 820 ψυχήν
788 740 883 822 ἔχων.

49 874 55 906 ι
181 843 288 905 καίτοι
304 834 341 904 τό
361 842 500 924 σῶφρον
513 831 640 921 τοάμδν
654 831 694 903 οὐ
709 842 822 905 πείθει
835 832 868 904 σ’
884 844 979 916 λ’σως·

180 942 236 1005 δεῖ
249 936 292 1024 δή
306 958 344 1005 σε
357 939 463 1018 δεῖξαι
476 942 522 1028 τῷ
536 935 649 1027 τρόπφ
663 936 865 1026 διεφθάρην.

182 1037 307 1125 πότερα
320 1036 357 1107 τδ
371 1044 472 1125 τήσδε
486 1033 571 1124 σῶμ’
588 1038 836 1107 ἐκαλλιστεάετο

181 1146 299 1209 πασῶν
312 1146 503 1227 γυναικῶνς
520 1134 617 1226 ήσδν
629 1139 779 1227 οἰκήσειν
793 1139 899 1228 δόμον
1002 1158 1071 1210 1010

181 1247 346 1329 ἔγκληρον
361 1237 467 1327 εὐνήν
480 1238 682 1330 προσλαβών
698 1241 883 1329 ἐπήλπισας
962 1334 965 1339 ¹

182 1342 320 1429 μάταιος
333 1332 390 1430 ἆρ’
410 1334 454 1430 ἦ,
471 1336 647 1428 κούδαμοῦ
664 1345 769 1428 μετῆν
785 1344 933 1429 φρενῶν.

180 1439 256 1512 ἄλλ’
274 1440 319 1523 τός
333 1457 514 1532 τυραννεῖν
527 1438 593 1531 ήδδ
607 1458 692 1512 τοῖσι
707 1442 897 1531 σάφροσινς

181 1541 301 1632 ήκιστά
314 1541 360 1632 γ’,
375 1551 408 1613 εί
418 1543 463 1633 μή
477 1542 536 1625 τάς
552 1546 679 1633 φρένας
693 1547 857 1634 διέφθορε

177 1654 317 1735 θνητῶν
330 1643 459 1716 ὅσοισιν
472 1643 610 1716 ἁνδάνει
622 1653 796 1735 μοναρχία.
968 1712 969 1718 ,
1000 1664 1070 1719 1010

179 1747 245 1836 ἐγω
262 1745 294 1817 δ’
311 1744 443 1835 άγωνας
455 1748 517 1835 μὲν
531 1764 667 1834 κρατεῖν
682 1745 896 1837 Ἑλληνικοὺς

178 1857 309 1938 πρῶτος
322 1845 454 1936 θέλοιμ’
471 1845 530 1935 άν,
547 1852 585 1918 ἐν
598 1850 694 1918 πόλει
707 1851 745 1919 δὲ
760 1849 917 1941 δεύτερος

180 1951 248 2022 σάν
260 1968 329 2031 τοῖς
342 1947 489 2039 άρίστοις
503 1947 657 2037 εὐτυχεῖν
673 1948 725 2019 άεί
741 1959 862 2040 φίλοις.

179 2054 341 2142 πράσσειν
355 2080 390 2123 τε
405 2050 468 2141 γάρ
483 2050 638 2143 πάρεστι,
653 2052 814 2132 κίνδυνός
829 2050 860 2121 τ’
877 2049 973 2124 άπιδν

180 2163 325 2244 κρείσσω
339 2159 459 2224 δίδωσι
472 2159 529 2241 τῆς
542 2159 745 2242 τυραννίδος
757 2154 865 2243 χάριν.
1001 2172 1071 2226 1000

182 2252 221 2325 ἓν
237 2254 279 2327 οὗ
293 2260 443 2326 λέλεκται
456 2262 525 2324 τῶν
537 2259 644 2343 ἐμάν,
658 2253 699 2325 τά
715 2252 749 2325 δ’
766 2253 840 2325 ἄλλ’
856 2264 955 2344 ἔχεις·

182 2366 215 2427 τί
224 2359 288 2447 μὲν
300 2357 365 2446 γάρ
379 2349 423 2445 ήν
435 2368 492 2445 μοὶ
506 2357 634 2446 μάρτυς
648 2352 717 2437 οἷός
731 2353 797 2446 εἰμ’
818 2358 894 2445 ἑγιά,

180 2463 238 2530 καί
253 2458 347 2549 τῆσδ’
364 2457 494 2548 ὁρώσης
507 2460 630 2547 φέγγος
643 2455 863 2547 ἠγωνιζόμην,

181 2568 291 2659 λργρις
308 2558 351 2632 άν
365 2560 452 2641 εἶδες
465 2558 544 2640 τοὺς
557 2558 683 2641 κακούς
696 2560 839 2644 διεξιόν.

181 2671 248 2733 νῦν
265 2662 299 2734 δ’
320 2660 437 2753 ὅρκιόν
452 2685 505 2733 σοι
519 2670 612 2751 Ζῆνα
625 2664 683 2730 καί
696 2665 799 2732 πέδον
812 2660 937 2749 χθονός
1002 2680 1069 2733 1025

181 2762 306 2856 όμνυμι
324 2772 392 2834 τῶν
406 2772 476 2834 σῶν
489 2762 617 2852 μήποθ’
634 2761 785 2846 άψασθαι
801 2764 918 2852 γάμων

179 2864 259 2956 μηδ’
276 2864 319 2936 δν
332 2875 473 2956 θελῆσαι
487 2863 567 2954 μηδ’
583 2861 627 2935 άν
640 2873 774 2936 ἔννοιαν
789 2875 916 2955 λαβεῖν.

180 2960 203 3058 ή
219 2966 294 3059 τᾶρ’
309 2965 450 3058 ὀλοίμην
463 2964 583 3055 άκλεής
596 2964 783 3055 άντόνυμος,

180 3069 312 3154 [άπολις
325 3068 456 3157 άοικος,
470 3069 582 3158 φυγάς
597 3067 771 3158 άλητεόων
784 3068 916 3157 χθόνα,]

179 3175 236 3242 καλ
249 3173 332 3261 μήτε
345 3172 465 3252 πόντος
478 3172 560 3260 μήτε
574 3179 617 3260 γῆ
632 3171 760 3255 δέξαιτό
774 3199 840 3258 μου
1001 3188 1070 3243 1000

179 3274 306 3363 σάρκας
319 3273 501 3360 θανόντος,
519 3281 550 3343 εἰ
561 3272 663 3354 κακός
678 3271 803 3362 πέφυκ’
822 3269 917 3363 άνήρ.

180 3386 214 3445 τί
225 3374 257 3445 δ’
274 3374 335 3464 ήδε
350 3371 557 3463 δειμαίνουσ’
575 3372 749 3446 άπωλεσεν
761 3381 839 3463 βίον

179 3474 244 3547 οὐκ
257 3475 341 3547 οἶδ’·
358 3479 431 3565 ἐμοὶ
445 3474 508 3568 γάρ
523 3473 565 3546 οά
578 3481 677 3565 θέμις
690 3480 774 3566 πέρα
788 3478 909 3563 λέγειν.
