2517 3934
453 201 732 260 ΑΝΔΡΟΜΑΧΗ

199 369 360 453 μόχθους,
376 367 533 456 οδςάμφί
554 377 679 456 Τροίαν

198 472 344 550 δεκέτεις
357 466 524 557 ἀλάληντο
537 471 608 538 νέοι
622 470 772 558 λόγχαις·

198 574 276 660 λέχη
289 569 313 640 τ’
331 568 421 661 ἔρημ’
438 566 481 640 ἀν
494 568 613 643 οὔποτ’
630 575 833 660 ἐξελείπετο,

196 678 253 746 καί
268 677 393 743 τεκέων
406 671 552 762 ὀρφανοί
564 676 731 762 γέροντες.

150 832 158 846 .
195 774 267 865 ἥκω
281 774 397 866 λαβῶν
410 775 472 846 σδυ
486 773 593 864 παῖδ’,
609 773 652 845 δν
666 783 712 858 είς
726 773 848 858 ἀλλους
863 777 987 866 δόμους

194 881 307 970 λάθρα
319 877 491 968 θυγατρὸς
504 886 562 967 τῆς
575 883 656 967 ἐμῆς
669 876 849 962 ὑπεξέθου.
1036 897 1089 950 310

194 983 232 1052 σὲ
245 982 307 1070 μὲν
320 980 385 1070 γὰρ
400 978 515 1070 ηὔχεις
529 988 613 1061 θεᾶς
627 983 747 1071 βρέτας
760 981 883 1053 σῶσειν
896 982 985 1072 τόδε,

194 1091 316 1153 τοῦτον
328 1086 366 1155 δὲ
379 1083 459 1164 τοὺς
473 1084 685 1174 κρύψαντας·
707 1081 777 1154 ἀλλ’
795 1086 986 1175 ἐφηυρέθης

195 1178 300 1275 ἧσσον
314 1194 489 1275 φρονοῦσα
501 1192 604 1256 τοῦδε
616 1189 796 1273 Μενέλεω,
811 1187 923 1276 γόυαι.

194 1298 249 1358 κεί
260 1288 305 1377 μη
319 1286 392 1358 τόδ’
409 1286 582 1360 έκλιιιοῦσ’
598 1288 780 1379 έρημῶσεις
793 1291 909 1376 ιτέδον,

196 1389 251 1461 ὅδ’
268 1389 343 1460 ἀντί
356 1399 416 1460 τοῦ
431 1400 495 1462 σοῦ
511 1392 663 1480 σῶματος
678 1390 896 1480 σφαγήσεται.
1036 1409 1088 1463 315

197 1491 284 1565 ταῦτ’
302 1485 366 1563 οὖν
385 1502 536 1584 λογίζου,
552 1495 676 1581 κότερα
689 1505 877 1564 κατθανεῖν
889 1498 1002 1575 θέλεις

196 1593 218 1685 ἢ
232 1594 325 1666 τόνδ’
341 1593 483 1667 ὀλέσθαι
497 1605 557 1684 σῆς
572 1593 734 1686 ἁμαρτίας
751 1592 850 1686 ὕπερ,

193 1696 239 1787 ἣν
254 1706 301 1780 είς
315 1696 361 1788 ἔμ’
380 1709 428 1780 είς
441 1727 478 1768 τε
493 1697 588 1769 παῖδ’
605 1698 689 1786 ἐμὴν
703 1696 913 1788 ἁμαρτάνεις.

75 1811 155 1870 AN.
194 1795 315 1884 ῶδόξα
330 1802 427 1889 δόξα,
444 1810 597 1892 μυρίοισι
611 1801 653 1889 δὴ
667 1809 801 1892 βροτῶν

196 1901 300 1974 οὐδὲν
314 1913 437 1993 γεγῶσα
450 1912 566 1994 βίοτον
580 1902 741 1991 ῶγκιοσας
754 1906 870 1993 μέγαν.
1038 1919 1090 1974 330

196 2005 333 2078 εὔκλεια
352 2005 385 2077 δ’
402 2003 452 2087 οἷς
464 2005 527 2095 μὲν
541 2003 603 2076 ἔστ’
621 2005 784 2094 ἀληθείας
800 2003 879 2091 ἀιιο,

196 2108 435 2199 εὐδαιμονίζω·
455 2107 536 2190 τούς
550 2105 583 2177 δ’
600 2107 668 2180 ἀπὸ
686 2114 825 2190 ψευδῶν
840 2115 929 2196 ἔχειν

195 2211 258 2284 οὐκ
272 2211 404 2295 ἀξιῶσαι
423 2209 513 2300 ιιλὴν
531 2210 613 2279 ὅσον
632 2216 746 2278 δοκεῖν
762 2209 878 2298 μόνον.

195 2315 239 2384 σὺ
253 2314 296 2403 δὴ
309 2321 506 2402 στρατηγῶν
520 2312 661 2400 λογάσιν
674 2309 843 2402 Ἑλλήνων
857 2314 938 2383 ποτὲ

199 2424 324 2506 Τροίαν
338 2415 482 2505 ἀφείλου
495 2423 669 2503 Πρίαμον,
690 2407 757 2485 ῶδε
773 2423 904 2504 φαῦλος
919 2412 986 2497 ῶν;
1038 2431 1089 2484 335

194 2516 285 2601 ὅστις
298 2516 471 2609 θυγατρὸς
485 2515 682 2597 ἀντίπαιδος
695 2523 732 2587 ἐκ
747 2517 859 2604 λόγων

194 2619 331 2692 τοσόνδ’
349 2628 515 2701 έιινευσας
528 2622 585 2691 καὶ
601 2623 740 2709 γυναικί
754 2626 916 2706 δυστυχεῖ

194 2724 302 2815 δούλη
315 2727 475 2812 κατέστης
489 2730 536 2804 ε’ίς
550 2719 669 2811 ἀγῶν’·
693 2719 756 2792 οόκ
771 2719 851 2804 ἀξιῶ

195 2824 263 2896 οὔτ’
279 2817 344 2896 οὖν
357 2827 395 2896 σὲ
415 2834 535 2918 Τροίας
549 2823 629 2895 οὔτε
643 2831 707 2893 σοῦ
725 2831 850 2916 Τροίαν
865 2832 923 2894 ἔτι.

200 2932 341 3013 [ἔξωθέν
355 2935 441 2999 εἰσιν
456 2935 492 2998 οί
503 2935 684 3007 δοκοῦντες
698 2918 739 2997 εὖ
753 2943 895 3016 φρονεῖν
1038 2943 1090 2996 330

196 3040 360 3120 λαμπροί,
374 3031 416 3101 τά
430 3029 464 3101 δ’
481 3037 582 3106 ἔνδον
594 3038 698 3100 πᾶσιν
714 3027 910 3120 ἀνθρώποις
927 3040 1004 3117 ίσοι,

196 3132 286 3223 πλὴν
300 3145 335 3204 εί
344 3163 376 3204 τι
389 3134 540 3225 κλοότφ·
576 3140 676 3203 τοῦτο
694 3131 726 3202 δ’
745 3133 853 3222 ίσχόει
866 3136 974 3223 μέγα]

196 3238 370 3324 Μενέλαε,
386 3240 470 3326 φέρε
484 3235 526 3325 δὴ
543 3234 799 3327 διακεράνωμεν
814 3235 955 3324 λόγους·

196 3341 345 3428 τέθνηκα
358 3348 399 3429 τῇ
413 3347 456 3429 σῇ
470 3341 618 3426 θυγατρὶ
632 3345 693 3407 καί
702 3335 733 3426 μ’
749 3335 918 3408 ἀιιῶλεσε·

196 3442 380 3531 μιαιφόνον
393 3437 576 3529 μὲνοόκέό
590 3437 634 3510 ἀν
647 3439 752 3529 φόγοι
769 3439 885 3527 μύσος,
1039 3451 1091 3505 335

197 3548 234 3614 έν
246 3561 315 3624 τοῖς
328 3545 367 3614 δὲ
380 3551 516 3625 πολλοῖς
528 3545 586 3612 καί
599 3541 643 3612 σύ
656 3538 751 3610 τόνδ’
767 3539 907 3629 ἀγωνιεῖ
