2517 3934
505 199 713 257 ΙΚΕΤΙΔΕΣ

214 366 454 457 προσηγόρημα
470 369 633 456 ματέρων,

214 476 397 558 προσαυδῶ
411 491 449 539 σε
463 468 523 538 τδυ
535 470 698 538 θανόντα.

102 582 173 643 ΑΔ.
215 571 255 641 ίῶ
270 571 327 658 ίῶ,
344 580 417 641 XO.
432 580 502 641 τῶν
514 569 549 659 γ’
563 575 654 660 ἐμῶν
668 580 783 643 κακῶν
800 574 875 662 ἑγῶ.
1057 597 1109 651 805

97 681 452 745 ΑΔ.αίαι”.Χο.*
505 688 521 726 *
574 687 590 724 *
644 688 660 725 *
714 690 729 728 *
783 690 869 730 **

97 789 173 847 ΑΔ.
215 775 428 864 ἐπάθομενῶ
450 816 486 825 -
522 784 594 845 XO.
611 775 651 845 τά
665 775 803 848 κύντατ’
819 776 904 869 άλγη
919 790 1043 851 κακῶν.

97 890 173 949 ΑΔ.
215 870 244 947 ῶ
258 879 354 959 πόλις
364 875 515 967 Ἀργεία,
530 877 591 948 τδυ
605 878 688 967 ίμδυ
701 880 827 969 πότμον
841 880 904 953 ούκ
919 887 1074 979 ἐσορᾶτε;

96 990 169 1050 XO.
211 977 487 1074 ὁρῶσινέμὲτὴν

212 1083 389 1170 τάλαιναν,
404 1087 533 1155 τέκνων
547 1080 684 1153 ἄπαιδα.
1057 1105 1109 1159 810

96 1197 173 1255 ΑΔ.
215 1187 400 1274 προσάγετε
414 1195 482 1257 τῶν
500 1186 704 1273 δυσπότμων
983 1187 1055 1259 άντ.

212 1285 345 1375 σώμαθ’
362 1293 596 1376 αἱματοσταγῆ,

134 1395 172 1504 χρ
213 1394 384 1478 σφαγέντα
400 1388 430 1459 τ’
447 1388 511 1461 ούκ
524 1388 589 1473 ἄξι’
610 1386 687 1459 οὐδ’
704 1387 766 1460 ὑπ’
782 1387 896 1480 άξίων,

213 1495 250 1561 ἐν
263 1488 313 1573 οἷς
326 1489 420 1580 άγῶν
434 1491 594 1583 ἐκράνθη.
748 1480 815 1501 5*

96 1604 169 1665 XO.
211 1591 300 1682 δόθ’,
316 1592 361 1675 ῶς
374 1612 607 1685 περιπτυχαῖσι
623 1592 665 1683 δὴ

212 1700 310 1784 χέρας
324 1695 574 1786 προσαρμόσασ’
591 1701 681 1785 ἐμοῖς

212 1801 250 1868 ἐν
264 1795 392 1887 ἀγκῶσι
406 1803 506 1870 τέκνα
520 1808 645 1888 θῶμαι.

95 1913 171 1972 ΑΔ.
213 1908 298 1988 ἔχεις
313 1909 464 1989 ἔχεις-
488 1912 561 1972 XO.
576 1903 737 1990 πημάτων
752 1902 786 1991 γ’
803 1900 875 1983 άλις
890 1904 1003 1995 βάρος.

96 2015 172 2074 ΑΔ.
215 2010 295 2073 αίαϊ.
324 2013 396 2073 XO.
411 2021 480 2085 τοῖς
494 2012 630 2074 τεκοῦσι
645 2003 679 2074 δ’
696 1996 760 2074 ούν
774 2008 891 2094 λέγεις.

99 2118 172 2180 ΑΔ.
214 2102 306 2175 άίετὲ
315 2135 392 2195 μου.
425 2116 496 2176 XO.
511 2110 639 2187 στένεις
652 2105 706 2177 ἐπ’
723 2104 851 2197 άμφοῑν
864 2105 937 2197 άχη.
1054 2124 1107 2179 8θο

95 2220 172 2280 ΑΔ.
216 2218 290 2277 είθε
303 2236 344 2297 με
358 2215 540 2297 Καδμείων
554 2216 676 2295 ἔναρον
691 2217 798 2298 στίχες
813 2214 850 2280 ἐν
863 2219 1040 2281 κονίαισιν.

96 2320 169 2381 XO.
212 2309 294 2398 ἐμὸν
309 2312 347 2380 δὲ
360 2309 482 2400 μήποτ’
498 2309 597 2399 ἐζύγη

213 2410 406 2501 δέμαςγ’ἐς
423 2418 548 2502 ἀνδρὸς
566 2415 682 2485 εύνάν.

97 2525 174 2584 ΑΔ.
218 2520 306 2585 ίδετε
320 2524 435 2585 κακῶν
449 2518 608 2604 πέλαγος,
624 2508 652 2585 ῶ

213 2620 351 2707 ματέρες
363 2618 516 2688 τάλαιναι
530 2621 668 2687 τέκνων.
1054 2636 1107 2691 825

96 2727 170 2788 XO.
211 2718 295 2788 κατά
310 2721 372 2808 μὲν
386 2718 503 2803 ὄνυξιν
516 2717 729 2808 ἠλοκίσμεθ’,
746 2718 833 2808 άμφλ
847 2720 885 2790 δὲ

214 2822 342 2892 σποδὸν
356 2823 442 2911 κάρα
461 2823 643 2911 κεχύμεθα.

97 2934 172 2993 ΑΔ.
215 2923 254 2992 ίῶ
271 2925 310 2994 ίῶ
324 2933 385 3014 μοί
396 2948 468 3012 μοι·

211 3028 295 3096 κατά
308 3055 349 3116 με
363 3030 468 3096 πέδον
481 3035 543 3116 γᾶς
555 3031 637 3115 ἕλοι,

212 3128 269 3198 διὰ
284 3130 321 3199 δὲ
335 3131 466 3199 θύελλα
479 3130 614 3218 σπάσαι,
1053 3145 1107 3203 830

211 3232 318 3322 πυρός
332 3260 368 3301 τε
384 3230 534 3321 φλογμὸς
548 3229 566 3300 ὁ
579 3229 664 3313 Διὸς
680 3236 717 3301 ἐν
731 3232 817 3325 κάρη
831 3234 937 3303 πέσοι.

97 3341 168 3401 XO.
209 3333 353 3422 πικρούς
366 3338 492 3413 ἐσεῖδες
506 3333 644 3423 γάμους,

212 3435 336 3523 πικράν
351 3436 389 3505 δὲ
403 3444 531 3525 Φοίβου
551 3437 669 3526 φάτιν·

212 3539 318 3627 ἔρημά
331 3534 365 3608 σ’
381 3535 402 3607 ἆ
417 3537 620 3620 πολύστονος
638 3539 804 3609 Οἰδιπόδα
1052 3556 1107 3612 885
