2517 3934
201 172 308 224 XXXII
478 173 528 223 DE
546 173 733 226 nvutrrms
751 173 907 226 luonulo

202 331 312 393 tratur,
342 324 439 404 siquid
467 323 569 386 divino
592 327 710 386 numini
737 326 859 387 sceleris
888 326 1015 388 audeant
1043 325 1209 388 tribuere.

202 415 232 468 et
259 426 325 468 cnm
356 410 387 468 in
415 407 570 470 tralaticiis
601 409 708 470 sabulis
735 410 863 488 plurima
886 410 923 470 de
950 411 1008 470 diis
1035 415 1210 489 propagari

202 492 299 553 videat
318 487 444 553 ἀναιδέα
464 488 492 553 τ’
508 489 559 572 ἠδ’
582 489 741 571 ἀθέμιστα,
764 513 814 554 eos
837 495 887 574 qui
911 495 1035 555 deorum
1059 503 1210 556 veterum

202 577 354 636 ministros
376 595 442 638 sese
466 585 496 638 et
517 581 696 656 interpretes
718 579 837 647 iactent,
860 579 1029 639 sacerdotes
1051 586 1081 638 et
1106 589 1208 650 vates,

201 669 342 738 tanquam
375 663 596 742 superstitionis
628 663 792 723 nutriculas
825 673 855 724 et
892 662 1027 724 fraudum
1064 666 1208 725 artifices

203 743 378 823 castigandi.
410 764 465 806 neo
486 756 586 808 tamen
610 765 643 806 ea
667 754 712 807 est
734 753 838 826 poetae
860 749 921 807 sive
944 751 1114 809 constantia
1141 751 1208 808 sive

203 829 338 898 audacia,
373 839 405 890 ut
424 849 552 891 omnem
585 834 750 910 patriorum
780 831 903 892 deorum
934 831 1045 892 cultum
1074 833 1206 894 abiciat.

201 916 329 974 marimo
358 913 489 993 luppiter
518 923 550 975 ut
576 933 709 976 summus
738 915 862 976 deorum
889 918 919 976 in
949 917 1206 994 disceptationem

203 1006 325 1058 uocatur
348 1005 377 1057 et
399 996 602 1076 arroditur⁵⁵)‚
627 1000 721 1059 ceteri
741 1000 800 1059 divi
823 1017 918 1079 paena
940 1001 1107 1062 incolumes
1133 1021 1205 1063 eva·

204 1081 286 1151 dunt,
310 1090 397 1158 atque
419 1084 449 1143 iu
472 1079 661 1152 Baccbabus
680 1102 767 1162 quarn
790 1083 920 1145 tabulam
943 1093 1076 1147 extrema
1098 1094 1206 1146 aetate

205 1166 361 1244 Euripides
383 1171 563 1246 composuit,
594 1168 668 1228 adeo
694 1168 858 1229 vindicatur
881 1169 1001 1248 Dionysi
1022 1188 1140 1230 numen
1168 1171 1204 1231 ab

203 1253 361 1328 impiorum
391 1253 547 1315 bominum
575 1253 767 1313 dubitatione.
809 1253 861 1313 sed
889 1271 964 1333 quae
991 1253 1028 1313 de
1055 1254 1115 1314 diis
1143 1264 1204 1316 sta·

203 1339 277 1396 stuit
298 1343 395 1415 poeta,
419 1355 517 1414 neque
539 1339 617 1398 inter
640 1357 672 1397 so
694 1338 884 1397 consentiunt
906 1355 962 1397 nec
983 1339 1143 1399 sufficiunt
1167 1339 1203 1399 ad

204 1421 361 1497 erigendos
383 1423 414 1481 in
443 1425 518 1483 vitae
546 1422 674 1482 miseriis
701 1420 856 1483 bominum
883 1425 998 1482 animos
1025 1432 1055 1483 et
1083 1425 1218 1484 confir-¹

202 1505 334 1564 mandos.
367 1507 454 1565 vitam
471 1506 629 1566 humanam
653 1508 849 1566 miserrimam
874 1514 959 1584 poeta
980 1506 1104 1567 indicat:
1133 1507 1202 1568 nnl-

204 1586 265 1647 lum
294 1607 359 1648 esse
387 1589 499 1651 malurn
526 1609 583 1669 quo
612 1607 672 1649 non
700 1589 865 1651 obruantur
893 1591 1044 1659 bomines;
1075 1592 1202 1653 felicem

204 1724 406 1734 --..-—-.——

272 1789 318 1856 at)
336 1793 405 1841 Vide
425 1791 458 1845 fr.
472 1792 531 1854 294,
550 1792 579 1841 t:
599 1787 626 1842 εί
642 1790 714 1843 θεοί
730 1810 757 1843 τι
775 1791 880 1854 δρῶσιν
899 1786 1027 1860 αἰσχρόν,
1046 1786 1100 1843 οόκ
1122 1789 1199 1845 είσδν

204 1857 281 1908 θεοί.
318 1860 378 1924 Iph.
397 1860 429 1912 T.
442 1859 504 1910 386:
525 1849 578 1924 ἐρῶ
596 1853 649 1922 μὲν
667 1847 720 1910 οὖν
739 1855 774 1910 τὰ
796 1854 947 1911 Ταντάλου
965 1861 1079 1912 θεοῖσιν
1097 1850 1199 1912 ἕστισί-

205 1943 282 1990 ματα
295 1917 402 1977 ἄπιστα
415 1927 502 1989 κρίνω
515 1951 547 1961 -
560 1919 671 1976 οὐδένα
683 1919 738 1993 γὰρ
750 1920 832 1991 οἶμαι
844 1919 991 1992 δαιμόνων
1004 1921 1081 1978 εἶναι
1092 1924 1198 1981 κακόν.

205 1994 288 2043 Hero.
306 1994 335 2044 F.
349 1996 428 2045 13412
448 1986 500 2058 lyd
513 1987 544 2044 dl
557 1985 624 2050 τοδς
637 1986 727 2052 θεοδς
740 1985 806 2045 οὔτε
819 1986 910 2074 λέκτρ’
926 1983 945 2045 δι’
963 1986 1001 2058 μὴ
1014 1991 1101 2059 θέμις
1114 1991 1199 2058 στέρ-

203 2077 269 2125 γειν
285 2061 406 2126 νομίζω,
431 2052 523 2140 δεσμρὶ
540 2054 568 2139 η’
588 2051 723 2139 ἒξῶητειν
741 2065 839 2178 ηεροῖν
856 2053 921 2113 ουτ’
944 2055 1054 2128 ἠξίωσα
1076 2052 1197 2114 πώποτ’

205 2119 272 2178 οὔτε
283 2129 429 2193 πείσομαι,
448 2126 503 2178 oud
533 2127 620 2178 αλλον
639 2129 728 2178 otton
762 2122 886 2195 εσπότην
897 2124 1070 2192 πεφυκέναι.
1098 2128 1197 2182 δεῖται

202 2189 260 2260 γὰρ
281 2187 297 2246 ό
320 2191 404 2260 θεός,
429 2193 510 2257 εἴπερ
534 2184 591 2245 ἔντ’
616 2186 712 2257 ὀρθῶς
733 2187 820 2261 θεός,
844 2189 977 2256 οόδενός·
997 2191 1107 2248 ἀοιδῶν
1132 2196 1197 2248 οἵδε

203 2255 343 2329 δύστηνοι
357 2256 445 2329 λόγον.
475 2262 538 2311 hino
552 2262 591 2311 dii
607 2262 691 2327 vulgo
704 2263 805 2312 crediti
822 2266 927 2328 possim
939 2269 1098 2330 carpuntur,
1117 2265 1198 2316 velut

207 2329 241 2378 fr.
262 2332 340 2392 1030,
359 2332 389 2380 dr
412 2321 431 2395 ἥ
450 2319 523 2394 τᾶρα
541 2328 660 2393 θνητῶν
677 2325 750 2380 εἰσιν
768 2324 987 2395 ῶουνετῶτεροι,
1012 2327 1039 2383 εί
1056 2323 1196 2395 τάπιεικῆ

207 2389 335 2462 πρόσθεν
353 2391 493 2464 ἡγοῦνται
512 2394 604 2472 δίκης.
640 2397 700 2460 Iph.
718 2399 750 2451 Τ.
769 2401 832 2449 67οι
856 2391 911 2449 oid
929 2393 959 2450 ol
974 2398 1062 2464 σοφοί
1077 2414 1109 2466 με
1128 2397 1195 2450 δαί-

206 2480 291 2530 μονες
304 2460 472 2531 κεκλημένοι
485 2477 602 2529 νιτηνων
613 2454 735 2530 ὀνείρων
747 2461 822 2518 stulu
834 2457 1051 2531 οἷψευδέστεροι.
1069 2465 1195 2530 Apollini

208 2533 349 2596 sapientia
372 2535 524 2597 abrogetur
541 2530 584 2581 El.
605 2533 671 2580 1246
690 2537 719 2583 et
735 2533 817 2585 Andr.
839 2535 917 2595 1165,
941 2534 1066 2586 Minerva
1088 2536 1195 2586 iniusta

207 2599 310 2649 dicitur
322 2600 355 2652 fr.
370 2603 428 2663 268,
448 2598 574 2664 Iuppiter
591 2597 712 2649 humana
723 2602 826 2651 virtute
843 2601 960 2652 inferior
977 2606 1094 2667 apparet
1112 2603 1194 2652 Herc.

203 2668 237 2717 F.
250 2671 307 2730 342,
327 2668 375 2718 ubi
392 2684 454 2718 mox
466 2669 516 2719 34⁷
536 2666 685 2720 subicitur:
704 2656 824 2735 ἀμαθής
842 2685 884 2726 τις
897 2663 927 2719 εἷ
941 2660 1020 2732 θεός,
1041 2665 1068 2720 εί
1080 2666 1195 2725 δίκαιος

207 2725 259 2786 οόκ
272 2730 352 2798 ἔφυς.
384 2741 476 2786 votum
492 2733 635 2784 fallaciam
647 2733 798 2785 identidem
809 2741 893 2800 poeto
905 2735 1025 2787 incusat.
1054 2736 1118 2791 Hel.
1131 2738 1193 2788 744:

203 2793 242 2881 ηδ
269 2796 400 2882 μόμτεων
419 2795 532 2878 tocsano
551 2793 588 2918 ηὸς
615 2790 706 2880 φαῦλ’
725 2794 853 2880 ἕστίὶκαδ
867 2801 991 2921 pendebo
1012 2800 1098 2855 πλέα·
1127 2790 1194 2882 οόδ’

204 2886 314 2995 titt
332 2863 1058 3014 titii„gillotii?tlttll‘itt’ttts‘leliit
1068 2869 1194 2989 'lolli-³

208 2999 315 3070 μόνωνς
344 3019 377 3054 ου
406 3000 498 3053 τῶνδε
525 3017 715 3070 χειρωνακτες
741 3004 894 3067 ανθρωποι
920 3000 1020 3071 λόγων.
1065 3007 1107 3057 ΕΙ.
1131 3007 1192 3058 399:

207 3069 314 3132 Λοξίου
332 3064 387 3136 γὰρ
406 3066 526 3134 ἔμπεδοι
544 3069 673 3153 χρησμοί,
692 3069 798 3137 βροτῶν
811 3067 845 3123 δὲ
863 3065 1006 3138 μαντικὴν
1024 3071 1136 3140 χαίρειν
1148 3066 1192 3124 ε’ῶ.

203 3139 310 3190 Phoen.
328 3139 393 3189 9582
412 3135 519 3202 Φοῖβον
537 3130 705 3201 ανθρῶποις
723 3133 812 3205 μόνον
830 3137 900 3205 χρῆν
918 3139 1104 3207 θεσπιῳδεῖν.
1133 3139 1191 3206 Iph.

208 3208 239 3259 Δ.
258 3209 323 3256 520:
342 3198 373 3256 τό
392 3199 532 3269 μαντικὸν
549 3202 608 3256 πᾶν
626 3202 736 3287 σπέρμα
755 3199 908 3272 φιλότιμον
925 3201 1024 3261 κακόν.

275 3270 321 3340 55)
340 3272 426 3323 Velut
443 3274 477 3324 fr.
496 3274 560 3323 483:
581 3272 654 3331 Ζευς
670 3289 749 3332 οστις
767 3267 782 3323 ὁ
805 3268 889 3336 Ζεός,
910 3264 945 3326 οό
962 3271 1016 3340 γὰρ
1034 3269 1103 3327 οἴδα
1119 3271 1192 3339 πλὴν

209 3333 289 3410 bip.
330 3339 364 3394 fr.
381 3342 446 3406 904,
465 3342 494 3390 2:
524 3333 597 3398 Ζεδς
625 3335 679 3391 είτ’
704 3333 796 3406 Ἀίδης
823 3331 1033 3407 ὀνομαζόμενος
1059 3341 1189 3424 στέργεις.

215 3421 288 3458 suem
311 3424 400 3473 paene
419 3407 556 3458 excedunt
574 3423 646 3490 puae
668 3409 799 3472 leguntur
816 3410 883 3462 Tro.
901 3412 964 3461 884:
988 3396 1080 3478 ῶγῆς
1098 3422 1190 3476 οχημα

204 3467 279 3526 κόαδ
296 3471 348 3543 γῆς
368 3471 439 3542 ἒχων
457 3471 555 3539 ἕδραν,
576 3488 654 3532 οστις
671 3468 737 3526 ποτ’
757 3470 786 3526 εί
796 3467 840 3541 σό,
860 3471 1056 3536 δυστόπαστος
1074 3474 1189 3533 είδέναι,

203 3537 291 3607 ·Ζευ’ς,
311 3533 366 3595 εἴτ’
385 3535 498 3611 ἀνάγκη
518 3536 623 3606 φύσεος
638 3541 695 3594 είτε
713 3540 781 3602 νοῦς
799 3542 917 3610 βροτῶν,
935 3540 1140 3614 προσηυξάμην
1151 3558 1189 3595 σι.
