2517 3934
480 179 647 238 BAKXAI
1011 177 1072 245 127

179 350 284 439 κόρας
300 344 484 435 ίλίσσουσ’,
500 346 541 418 ού
558 346 726 438 φρονοῦσ’
744 345 840 440 δχρὴ
856 367 1008 441 φρονεῖν,

179 457 215 522 ἐκ
229 457 380 540 Βακχίου
394 447 562 538 κατείχετ’,
577 447 653 520 οὐδ’
671 455 790 521 ἔπειθέ
800 480 867 521 νιν.

179 562 331 644 λαβοῦσα
346 549 379 623 δ’
397 549 537 634 ὠλέναις
552 551 732 642 ἀριστερὰν
746 557 838 644 χέρα,
1007 575 1072 628 1115

54 661 58 671 “
178 667 380 746 πλευραῖσιν
395 653 558 744 ἀντιβᾶσα
573 664 634 725 τοῦ
649 662 875 745 δυσδαίμονος
1081 673 1084 680 “

180 757 416 848 ἀπεσπάραξεν
431 749 540 846 οἷμον,
558 755 619 846 ούχ
634 756 872 870 ύπβσῇένους,
892 761 929 892 U

180 859 249 931 ἀλλ’
266 858 284 930 ὁ
299 859 381 942 θεὸς
397 858 581 950 εὐμάρειαν
595 865 755 932 ἐπεδίδου
767 879 891 954 χεροῖν.

173 963 244 1034 ’1νώ
265 965 304 1034 δὲ
317 961 397 1034 τάπὶ
413 961 525 1054 θάτερ’
543 965 746 1055 ἐξειργάζετο

181 1071 334 1156 ῥηγνῦσα
349 1068 490 1158 σάρκας,
505 1063 663 1156 Αὐτονόη
678 1064 702 1135 τ’
720 1063 815 1154 ῦχλος
830 1096 867 1137 τε
881 1077 945 1150 πᾶς
1005 1086 1070 1140 1130
1090 1116 1093 1120 -

184 1175 293 1258 ἐπεῖχε
308 1177 465 1257 Βακχῶν·
480 1161 523 1257 ἦν
541 1170 579 1239 δέ
592 1166 673 1240 κάτ’
692 1165 778 1257 ὁμοῦ
793 1170 873 1260 βοή,

174 1275 195 1344 δ
212 1272 275 1361 μέν
290 1273 456 1356 στενάζων
470 1269 552 1341 ὅσον
567 1273 751 1362 ἐτύγχανεν
765 1276 888 1356 πνέων,

179 1385 217 1446 αλ
229 1372 261 1444 δ’
277 1373 450 1463 ἠλάλαζον.
479 1382 580 1464 ἔφερε
595 1373 627 1444 δ’
641 1371 664 1467 ἣ
679 1374 741 1463 μὲν
757 1371 897 1463 ὠλένην,

149 1521 156 1530 ·
176 1478 198 1566 ἣ
217 1474 250 1545 δ’
269 1489 361 1566 ίχυος
375 1475 492 1558 αύταῖς
507 1474 685 1566 ἀρβύλαις·
708 1485 900 1566 γυμνοῦντο
914 1480 953 1548 δέ

179 1583 323 1671 πλευραὶ
337 1597 561 1670 σπαραγμοῖς·
582 1589 671 1650 πάσα
686 1578 719 1650 δ’
736 1577 936 1670 ᾑματωμένη
1002 1599 1069 1654 1135

178 1699 306 1773 χεῖρας,
321 1689 529 1773 διεσφαίριζε
543 1684 651 1774 σάρκα
664 1688 837 1764 Πενθέως.

179 1801 286 1855 κεῖται
305 1787 343 1855 δέ
360 1789 462 1876 χωρὶς
475 1793 585 1874 σῶμα,
602 1784 639 1856 τὸ
654 1787 717 1874 μέν
731 1783 797 1857 ῦπδ
816 1789 979 1874 στύφλοις
1029 1812 1034 1886 η

178 1889 332 1977 πέτραις,
348 1886 384 1958 τό
400 1886 432 1958 δ’
449 1885 532 1976 ῦλης
546 1894 582 1958 έν
596 1877 927 1981 βαδυξύλρῖφόβηῖ

179 1987 221 2058 ού
235 1990 356 2082 ῥᾴδιον
369 1991 510 2079 ζήτημα·
531 2000 636 2083 κρᾶτα
650 1989 684 2060 δ’
706 1990 839 2079 ἀθλιον,
953 2057 958 2060 ,

179 2087 264 2182 ὅπερ
276 2101 428 2182 λαβοῦσα
441 2095 598 2183 τυγχάνει
614 2094 723 2184 μήτηρ
740 2111 864 2183 χεροῖν,
977 2091 1069 2166 '1140

179 2192 300 2283 πήξασ’
311 2192 358 2267 ἐπ’
379 2193 484 2285 ἀκρον
501 2197 635 2288 θύρσον
649 2193 694 2278 ῦς
710 2194 889 2288 ὀρεστέρου

181 2301 279 2388 φέρει
293 2301 428 2378 λέοντος
444 2297 500 2368 διά
513 2308 732 2391 Κιθαιρῶνος
746 2303 862 2388 μέσου,

177 2398 315 2470 λιποῦσ’
332 2398 480 2489 ἀδελφάς
495 2406 532 2471 ἐν
549 2419 679 2493 χοροῖσι
693 2403 894 2472 Μαινάδων.

177 2521 281 2593 χωρεῖ
293 2505 331 2572 δὲ
344 2505 449 2610 θήρην
454 2506 635 2597 δυσπότμῳ
649 2506 864 2595 γαυρουμένη
914 2509 921 2578 Ι

179 2609 316 2693 τειχέων
331 2613 395 2675 έσω
411 2605 526 2695 τῶνδ’,
543 2605 759 2678 ἀνακαλοῦσα
773 2608 920 2694 Βάκχιον
997 2627 1065 2678 1145

178 2708 238 2778 τὸν
252 2708 483 2798 ξυγκύναγον,
499 2709 558 2779 τὸν
576 2709 784 2799 ξυνεργάτην
799 2698 904 2798 ἀγρας

178 2809 237 2880 τὸν
251 2817 463 2898 καλλίνικον,
479 2803 502 2902 ᾗ
516 2814 647 2902 δάκρυα
660 2829 859 2902 νικηφορεῖΙΊ

178 2911 243 3002 έγοὸ
257 2914 320 3003 μέν
334 2905 399 2983 οῦν
411 2913 487 3005 τῇδ’
505 2915 659 2985 ἐκποδύν
672 2924 712 3006 τῇ
727 2923 883 3006 ξυμφορᾷ

178 3012 300 3105 ἄπειμ’,
311 3013 459 3106 Ἀγαύην
474 3021 555 3109 πρὶν
570 3028 688 3108 μολεῖν
703 3019 786 3109 πρὸς
800 3019 946 3107 δώματα.

176 3117 213 3187 τδ
228 3136 421 3210 σωφρονεῖν
438 3121 476 3190 δὲ
489 3123 546 3190 καῖ
560 3124 672 3210 σέβειν
691 3121 731 3190 τὰ
746 3129 815 3191 τῶν
828 3129 922 3190 θεῶν
1000 3138 1069 3191 1150

178 3220 373 3292 κάλλιστον·
389 3221 481 3311 οἶμαι
496 3221 529 3292 δ’
547 3219 629 3293 αύτό
644 3227 701 3294 καὶ
718 3225 916 3313 σοφάτατον
1072 3233 1074 3238 ’

179 3334 357 3413 θνητοῖσιν
372 3325 458 3395 εἶναι
474 3333 582 3415 κτῆμα
595 3343 682 3396 τοῖσι
696 3331 888 3418 χρωμένοις.

59 3433 130 3494 XO.
178 3421 460 3519 ἀναχορεύσωμεν
473 3429 629 3519 Βάκχιον,

176 3525 421 3622 ἀναβοάσωμεν
434 3531 613 3623 ξυμφορὰν
