2517 3934
535 197 690 256 EAENH

229 369 356 451 ἐδωκα,
370 364 487 453 χρόνια
501 371 622 455 νίπτρα
636 374 797 455 ποταμίας
812 365 948 455 δρόσου.

228 463 303 535 ἄλλ’
319 470 444 556 ἐκπερᾷ
458 467 522 556 γάρ
537 468 701 556 δωμάτων
714 466 732 536 ὁ
746 466 824 548 τοῦς
838 466 940 556 ἐμούς
1052 483 1121 539 1386

231 566 357 656 γάμους
371 570 522 656 ἑτοίμους
536 574 573 638 ἐν
587 586 700 659 χεροῖν
713 577 801 658 ἐχειν
815 576 936 656 δοκοῦν,

229 672 383 757 σιγητέον
396 692 467 756 μοι·
483 673 539 738 καλ
554 672 591 740 σὲ
609 671 884 760 προσποιούμεθα

230 769 355 840 εὔνουν
368 787 504 859 κρατεῖν
522 799 558 842 τε
571 775 747 862 στόματος,
761 768 805 861 ἢν
818 772 1002 861 δυνάμεθα

228 875 395 952 σωθέντες
409 871 505 942 αῦτολ
519 877 575 943 καλ
588 876 625 944 σὲ
639 883 814 945 συνσῶσαί
826 903 915 944 ποτε.

115 982 243 1044 ΘΕΟΚ.
258 972 389 1062 χωρεῖτ’
406 978 539 1063 ἐφεξῆς,
556 974 600 1057 ῦς
614 985 727 1059 ἔταξεν
741 975 760 1047 ό
772 979 876 1063 ξένος,
1051 991 1121 1046 1390

228 1082 354 1164 δμῶες,
369 1079 528 1166 φέροντες
543 1079 658 1148 ἐνάλια
672 1086 882 1166 κτερίσματα.

224 1175 354 1265 Ἑλένη,
374 1174 417 1245 σῦ
437 1171 483 1262 δ’,
502 1173 546 1263 ἥν
564 1196 616 1245 σοι
632 1175 678 1264 μὴ
696 1182 806 1256 κακῶς
824 1175 911 1256 δόξω
929 1174 1051 1260 λέγειν,

227 1287 367 1366 πείθου,
383 1277 458 1366 μέν’
474 1277 596 1348 αύτοῦ·
614 1276 719 1347 ταῦτα
734 1277 797 1366 γάρ
812 1278 967 1367 παροῦσά
980 1303 1015 1345 τε

228 1382 360 1470 πράξεις
375 1381 434 1451 τὸν
448 1378 556 1469 άνδρα
569 1379 629 1450 τὸν
643 1380 705 1450 σῦν
719 1378 761 1468 ἦν
774 1408 810 1449 τε
824 1378 868 1468 μὴ
883 1387 1001 1469 παρῇς.

228 1486 362 1552 δέδοικα
376 1483 438 1572 γάρ
452 1504 489 1551 σε
503 1483 548 1571 μή
565 1511 613 1564 τις
630 1480 783 1571 ἐμπεσῶν
796 1481 903 1561 πόθος
1050 1496 1119 1550 1395

228 1590 327 1674 πείση
341 1595 495 1672 μεθεῖναι
508 1582 593 1673 σῶμ’
609 1588 643 1664 ἐς
657 1583 756 1670 οἶδμα
769 1584 908 1653 πόντιον

227 1694 287 1754 τοῦ
302 1686 452 1773 πρόσθεν
466 1683 589 1775 ἀνδρὸς
602 1686 736 1773 χάρισιν
749 1686 1040 1772 ἐκπεπληγμένην·

229 1784 316 1875 άγαν
329 1787 393 1876 γάρ
407 1783 512 1856 αύτὸν
527 1785 568 1856 ού
583 1784 733 1874 παρόνθ’
750 1783 839 1873 ὅμως
852 1790 989 1864 στένεις.

116 1897 179 1957 ΕΛ.
222 1881 249 1957 οἳ
272 1890 386 1971 καινδς
406 1885 486 1976 ἡμῖν
500 1889 612 1975 πόσις,
627 1886 816 1975 ἀναγκαίως
830 1895 897 1974 ἔχει

227 1989 267 2058 τδι
282 1998 397 2078 πρῶτα
412 1994 531 2076 λέκτρα
545 1990 717 2078 νυμφικάς
731 1987 769 2057 θ’
786 1986 917 2077 ὁμιλίας
1052 2005 1120 2058 1400

228 2099 342 2180 τιμᾶν·
358 2091 423 2179 ἐγω
442 2093 479 2161 δὲ
494 2091 601 2162 διὰτὸ
616 2093 679 2180 μὲν
695 2095 848 2180 στέργειν
860 2092 961 2161 πόσιν

228 2196 285 2263 καί
298 2192 499 2282 ξυνθάνοιμ’
516 2191 574 2262 άν·
591 2192 675 2264 ἀλλὰ
689 2202 739 2274 τίς
754 2201 857 2286 κείνω
873 2195 967 2283 χάρις

226 2294 288 2377 ξῦν
301 2296 506 2366 κατθανόντι
520 2307 723 2379 κατθανεῖνς
738 2306 776 2367 έα
791 2293 823 2365 δ’
841 2296 898 2383 ἐμὲ

227 2394 335 2485 αῦτην
347 2405 518 2486 μολοῦσαν
533 2398 674 2486 ἐντάφια
689 2405 811 2468 δοῦναι
822 2406 943 2490 νεκρῷ.

227 2502 304 2568 θεολ
319 2501 357 2569 δὲ
370 2507 426 2568 σοί
440 2528 475 2569 τε
489 2505 582 2570 δοῖεν
596 2495 644 2568 οἷ’
661 2500 725 2588 ἐγιδ
741 2503 844 2587 θέλω,
1052 2515 1119 2569 1105

227 2603 284 2696 καλ
299 2609 345 2693 τῷ
360 2604 443 2694 ξένμ
458 2599 550 2692 τῷδ’,
568 2600 619 2672 ότι
635 2618 840 2672 συνεκπονεῖ
850 2602 939 2671 τάδε.

229 2707 312 2786 ἕξεις
327 2707 368 2772 δέ
379 2702 413 2791 μ’
431 2710 507 2774 οἵαν
519 2706 582 2793 χρή
595 2702 629 2774 σ’
647 2711 736 2792 ἐχειν
752 2704 933 2791 ἐνδύμασι

228 2802 376 2893 γυναῖκ’,
392 2805 507 2894 ἐπειδὴ
522 2810 706 2876 Μενέλεων
721 2804 906 2894 εὐεργετεῖς

228 2903 325 2995 κάμ’·
342 2913 471 2995 ἔρχεται
485 2907 548 2997 γάρ
564 2909 606 2996 δή
622 2906 688 2978 τιν’
709 2916 755 2990 είς
769 2909 873 2996 τύχην
887 2907 981 2976 τάδε·

228 3005 318 3087 ὅστις
332 3009 369 3077 δέ
384 3010 484 3078 δύσει
498 3019 586 3079 ναῦν
601 3015 638 3080 ἐν
652 3003 674 3101 ἦ
688 3008 763 3080 τάδ’
781 3007 913 3098 ἄξομεν,
1052 3023 1120 3078 1410

227 3111 428 3199 πρόσταξον,
444 3109 489 3192 ὡς
502 3108 544 3181 άν
558 3111 620 3201 τὴν
635 3113 732 3200 χάριν
747 3113 856 3200 πλήρη
871 3110 974 3198 λάβω.

114 3217 242 3280 ΘΕΟΚ.
258 3212 359 3300 χάρει
373 3212 417 3282 σύ
431 3216 488 3283 καλ
501 3221 589 3284 ναῦν
603 3220 715 3284 τοῖσδε
729 3213 996 3302 πεντηκόντορον

54 3312 57 3317 ’
227 3321 402 3385 Σιδωνίαν
416 3315 473 3396 δός
487 3313 663 3404 κάρετμῶν
677 3316 860 3396 ἐπιστάτας.

115 3421 180 3480 ΕΛ.
226 3414 354 3486 οῦκουν
368 3414 420 3487 ὅδ’
438 3415 530 3504 άρξει
543 3416 623 3497 ναὸς
637 3413 674 3497 ῦς
686 3432 807 3504 κοσμεῖ
817 3417 942 3504 τάφους

115 3521 243 3584 ΘΕΟΚ.
259 3515 402 3604 μάλιστ’·
423 3516 562 3588 ἀκούειν
575 3524 676 3588 τοῦδε
691 3518 753 3608 χρὴ
767 3519 893 3598 ναύτας
909 3512 1019 3604 ἐμούς.
1053 3530 1121 3584 141⁶
