2517 3934
174 211 216 273 62

521 211 800 271 ANAPOMAXH

177 393 248 453 ΧΟ.
293 379 420 452 ούποτε
438 381 480 468 δὴ
501 387 627 467 δίδυμα

290 480 395 572 λέκτρ’
413 485 577 553 ἐπαινέσω
592 490 726 571 βροτῶν

291 583 367 655 οὐδ’
386 583 619 674 ιἰμφιμᾶτορας
633 584 765 673 κόρους,

292 695 405 777 ἔριδας
419 697 523 756 οἴκων
538 692 715 775 δυσμενεῖς
729 714 765 756 τε
779 683 897 768 λύπας.

291 797 373 878 μίαν
386 817 443 877 μοι
458 791 621 877 στεργέτω
637 788 733 869 πόσις
746 789 864 878 χύμοις

293 889 523 979 ιἰκοινύνητον
537 888 663 980 ἀνδρὸς
678 889 794 961 εύνύν.

293 991 375 1062 ούδέ
389 992 453 1082 γὰρ
468 998 506 1063 έν
520 992 637 1063 πόλεσι

292 1102 447 1184 δίπτυχοι
461 1101 662 1184 τυραννίδες

294 1206 371 1288 μιᾶς
387 1196 563 1287 ἀμείνονες
579 1199 709 1287 φέρειν,

295 1299 400 1389 α”χδος
413 1295 460 1370 ἔπ’
477 1298 575 1388 ἄχθει
588 1302 646 1369 καὶ
659 1300 773 1382 στάσις
786 1308 953 1381 πολίταις·
1136 1315 1185 1373 475

297 1400 468 1469 τεκτόνοιν
486 1403 526 1491 δ’
539 1401 665 1488 ύμνοιν
678 1400 836 1487 έρχύταιν
857 1408 955 1470 δυοῖν

297 1512 370 1593 ἔριν
384 1512 526 1574 Μοῦσαι
540 1511 680 1593 φιλοῦσι
695 1513 864 1594 κραίνειν·

296 1610 397 1677 πνοαὶ
411 1604 444 1677 δ’
460 1602 542 1676 όταν
556 1610 685 1695 φέρωσι
698 1615 877 1687 ναυτίλους
891 1614 984 1693 θοαί,
1063 1627 1135 1698 στρ.

294 1708 379 1778 κατὰ
394 1715 570 1798 πηδαλίων
584 1709 711 1798 διδύμα
721 1715 905 1797 πραπίδων
917 1708 1034 1797 γνώμα
1133 1726 1186 1781 480

294 1818 412 1899 σοφοῖν
425 1839 462 1881 τε
475 1818 606 1897 πλῆθος
619 1809 750 1901 ἀθρόον
764 1809 1009 1900 ἀσθενέστερον

295 1917 504 2003 φαυλοτέρας
518 1913 643 2002 φρενὸς
657 1912 885 2002 αύτοκρατούς

294 2016 384 2103 ἑνός,
400 2013 421 2085 ἃ
435 2016 575 2097 δύνασις
588 2013 654 2085 ἀνά
667 2045 703 2086 τε
715 2020 870 2107 μέλαθρα
883 2015 967 2085 κατά
981 2042 1017 2085 τε
1030 2014 1160 2102 πόλιας,

295 2115 421 2188 ὁπόταν
435 2115 551 2207 εύρεῑν
563 2121 690 2188 δέλωσι
704 2119 834 2206 καιρόν.
1136 2133 1188 2188 485

293 2224 420 2302 ἔδειξεν
435 2218 457 2308 ἡ
470 2220 624 2290 Λάκαινα
639 2228 700 2290 τοῦ
714 2221 920 2309 στρατηλάτα
1061 2214 1135 2287 έντ.

292 2326 446 2392 Μενέλα·
465 2321 522 2392 διὰ
536 2319 601 2411 γὰρ
615 2323 722 2412 πυρὸς
735 2314 810 2411 ἦλθ’
827 2326 929 2414 ἑτέρῳ
945 2321 1044 2406 λέχει,

294 2433 418 2494 κτείνει
433 2425 471 2495 δέ
486 2425 547 2513 τὴν
559 2426 721 2494 τάλαιναν
732 2423 854 2494 Ἰλιάδα
867 2424 973 2514 κόραν

292 2528 396 2598 παῖδά
408 2556 445 2597 τε
460 2527 653 2617 δύσφρονος
667 2535 776 2618 ἔριδος
790 2524 888 2616 ύπερ.
1132 2539 1189 2595 490

293 2626 395 2711 ἄθεος
408 2627 533 2718 ἄνομος
547 2626 664 2717 ἄχαρις
678 2626 696 2699 ὁ
711 2629 829 2718 φόνος·
852 2637 900 2699 ἔτι
918 2650 973 2716 σε,
992 2628 1125 2718 πότνια,

292 2731 481 2821 μετατροπδι
494 2728 598 2801 τῶνδ’
615 2739 744 2802 ἔπεισιν
759 2739 879 2820 ἔργων.

292 2833 430 2923 καὶμὴν
446 2839 552 2922 ἔσοριδ

293 2936 371 3005 τόδε
385 2937 577 3024 σύχκρατον
591 2944 708 3025 ζεῦγος
726 2935 791 3026 πρὸ
806 2936 932 3024 δόμων,
1135 2947 1189 3004 495

293 3037 398 3130 φήφφ
411 3039 564 3107 θανάτου
578 3041 871 3127 κατακεκριμένον.

294 3141 439 3229 δύστηνε
454 3141 573 3228 γύναι,
589 3149 716 3230 τλῆμον
730 3141 768 3210 δέ
782 3140 826 3210 σύ
841 3156 912 3228 παι,

293 3243 417 3332 μητρὸς
431 3246 556 3332 λεχέων
570 3239 608 3325 δς
621 3241 870 3335 ὑπερθνῄσκεις

293 3342 397 3416 οὐδέν
411 3350 558 3436 μετέχων

497 3461 764 3521 464-4'10z4ss
775 3484 813 3496 ···
823 3461 876 3518 478

497 3567 549 3623 479
558 3593 596 3603 -
603 3566 655 3620 485
661 3563 762 3620 :486
771 3588 809 3600 ···
817 3563 871 3620 49³
