2517 3934
187 192 252 256 306
550 193 819 253 ΗΡΑΚΛΕΙΛΑΙ

300 368 373 437 ἐπεὶ
386 372 519 455 σφαγῆς
532 391 571 453 γε
585 361 669 451 πρὸς
681 360 719 432 τὸ
734 358 850 432 δεινόν
864 359 932 451 εἶμ’
947 359 1028 453 ἐγσό,

301 480 394 558 είπερ
409 471 545 556 πέφυκα
559 462 684 554 πατρὸς
697 456 804 554 οῦπερ
819 460 969 553 εὔχομαι.

185 580 244 642 10.
298 568 361 640 οῦκ
377 566 419 639 ἂν
433 577 603 657 δυναίμην
616 574 664 658 σῷ
678 567 882 656 παρεστάναι
895 568 1003 660 μόρῳ.

184 682 267 744 MA.
302 671 346 742 σῦ
363 669 396 742 δ’
415 670 499 741 ἀλλὰ
514 675 614 740 τοῦδε
626 677 740 758 χρῂζε,
754 669 800 758 μή
813 666 850 757 μ’
867 673 905 738 ἐν
919 666 1090 761 άρσένων,
1154 691 1205 747 σου
1224 666 1230 677 ’

301 771 370 843 ἀλλ’
386 777 423 843 ἐν
437 779 609 862 γυναικῶν
625 774 742 858 χερσίν
757 774 940 841 ἐκπνεῦσαι
953 780 1045 860 βίον.

184 886 263 949 ΔΗ.
305 884 396 946 ἔσται
411 873 499 961 τάδ’,
516 865 543 943 οἷ
556 874 696 943 τάλαινα
711 875 911 962 παρθένων·
928 876 1004 944 ἐπεὶ

299 975 400 1067 κάμοὶ
413 974 485 1048 τόδ’
501 976 656 1064 αἰσχρόν,
670 974 716 1063 μή
729 1000 768 1045 σε
783 989 985 1065 κοσμεῖσθαι
1000 982 1134 1069 καλῶς,

301 1087 436 1150 πολλῶν
450 1083 558 1164 ἕκατι,
574 1085 632 1165 τῆς
644 1105 681 1147 τε
694 1085 755 1164 σῆς
769 1074 932 1164 εὐψυχίας

301 1184 358 1251 καί
373 1190 435 1252 τοῦ
450 1187 602 1251 δικαίου·
617 1180 885 1268 τλημονεστάτην
899 1180 937 1249 δὲ
951 1181 989 1249 σὲ
1150 1201 1204 1257 570

300 1291 419 1354 πασῶν
432 1289 606 1373 γυναικῶν
621 1281 714 1352 εἶδον
727 1278 917 1369 ὀφθαλμοῖς
931 1282 1008 1370 ἐγώ.

301 1381 376 1454 ἄλλ’
394 1396 427 1455 εί
437 1413 468 1455 τι
482 1384 600 1474 βούλει
615 1384 737 1453 τοῦσδε
750 1382 811 1453 τόν
826 1383 969 1472 γέροντά
981 1412 1029 1473 τε,

300 1488 402 1575 χῶρει
417 1482 639 1576 προσειποῦσ’
655 1482 800 1555 ῦστατον
813 1486 1042 1575 πρόσφθεγμα
1056 1490 1113 1578 δή.

189 1598 268 1661 MA.
302 1580 330 1657 τό
343 1604 455 1676 χαῖρε,
469 1590 617 1677 πρέσβυ,
635 1604 731 1676 χαῖρε
744 1590 801 1657 καί
815 1591 955 1657 δίδασκέ
967 1617 1024 1675 μοι

302 1690 457 1760 τοιούσδε
468 1691 590 1760 τούσδε
606 1696 728 1770 παῖδας
742 1698 789 1770 είς
802 1687 839 1759 τὸ
855 1698 924 1758 πᾶν
936 1692 1070 1779 σοφοὺς
1150 1712 1204 1768 575
1256 1781 1257 1784 Ἴ

302 1788 414 1879 ῶσπερ
430 1793 491 1881 σύ,
506 1793 613 1881 μηδὲν
626 1800 770 1880 μᾶλλον·
785 1790 966 1882 ἀρκέσουσι
982 1794 1059 1884 γάρ.

300 1902 405 1983 πειρῶ
420 1896 458 1964 δὲ
471 1903 577 1964 σῶσαι
591 1897 648 1964 καί
663 1906 785 1964 θανεῖν
801 1895 977 1985 πρόθυμος
996 1895 1061 1965 ῶν·

258 2012 288 2107 ῃ
300 1998 354 2066 σοὶ
367 2001 484 2078 παῖδές
497 2002 611 2086 ἐσμεν·
626 2012 705 2066 σαῖν
717 2010 831 2118 ηεροῖν
844 1996 1080 2087 τεθράμμεθα.

301 2096 382 2191 ὁρᾷς
397 2100 435 2169 δὲ
448 2097 533 2187 κάμὲ
546 2098 609 2187 τὴν
621 2097 705 2186 ἐμὴν
720 2125 813 2186 ωραν
826 2099 937 2187 γάμου

302 2206 467 2271 διδοῦσαν
481 2198 556 2270 άντὶ
569 2206 676 2271 τῶνδε
690 2204 981 2291 κατθαυουμόνην.
1148 2229 1205 2283 580

302 2300 398 2391 ὑμεῖς
415 2308 446 2376 δ’
459 2301 653 2391 άδελφῶυὴ
669 2301 814 2393 παροῦσ’
830 2300 954 2391 ὁμιλία,
970 2318 974 2326 ’

302 2403 551 2495 εῦδαιμονοῖτε,
566 2407 623 2475 καί
638 2402 769 2494 γένοιθ’
787 2402 869 2493 ὑμῖν
882 2402 973 2476 ὅσων

300 2506 369 2597 ἡμὴ
396 2510 540 2595 πάροιθε
563 2514 687 2598 καρδία
701 2508 919 2596 σφαγήσεται.

302 2614 359 2681 καὶ
373 2611 433 2681 τὸν
447 2613 589 2701 γέροντα
602 2612 664 2701 τήν
678 2608 708 2679 τ’
724 2619 790 2681 ἔσω
803 2627 926 2700 γραῖαν
940 2612 1056 2701 δόμων

304 2717 416 2801 τιμᾶτε
432 2713 558 2797 πατρὸς
569 2709 679 2800 μητέρ’
697 2711 886 2803 Ἀλκμήνην
900 2717 983 2802 ἐμοῦ
1148 2738 1203 2793 585

303 2821 421 2903 ξένους
434 2848 470 2889 τε
483 2819 615 2888 τούσδε.
630 2812 695 2887 κάν
709 2815 885 2906 άπαλλαγὴ
900 2818 1017 2887 πόνων

302 2925 359 2992 καὶ
372 2922 490 3002 νόστος
503 2918 584 3011 ὑμῖν
599 2917 815 3037 εῦρεθυῆρποῦ
832 2924 987 3007 ἔκθεσιν,
1192 2972 1201 2978 -
1255 2913 1256 2974 ί

301 3028 474 3116 μέμνησθε
489 3022 550 3113 τὴν
563 3020 786 3113 σιιτειραν-ῶς
800 3014 1044 3112 θάψαῖχρεόν.

301 3128 444 3221 μάλιστά
457 3156 508 3197 τοι
523 3133 672 3198 δίκαιον·
691 3125 733 3198 οῦ
747 3126 811 3216 γάρ
827 3125 944 3214 ἐνδεὴς

302 3233 385 3325 ὑμῖν
398 3234 577 3321 παρέστην,
591 3230 677 3302 ἄλλά
690 3231 892 3322 προύθαυον
905 3232 1037 3319 γε’νους.
1145 3248 1203 3303 590

302 3336 377 3409 τάδ’
394 3333 470 3406 άντὶ
483 3343 615 3406 παίδων
629 3340 702 3406 ἐστί
711 3363 768 3417 μοι
781 3333 937 3422 κειμήλια

302 3444 360 3511 καί
374 3446 595 3527 παρθενείας,
612 3448 646 3507 εί
656 3466 687 3507 τι
701 3436 743 3525 δὴ
757 3437 846 3505 κάτω
860 3434 1001 3521 χθονός·

303 3553 355 3629 είη
369 3568 409 3629 γε
422 3543 535 3628 μέντοι
548 3542 671 3628 μηδέν·
687 3546 720 3609 εί
731 3537 797 3626 γάρ
811 3541 930 3625 ἕξομεν
