2517 3934
257 194 464 253 ΗΡΑΚΛΗΣ
483 195 792 256 ΜΑΙΝΟΜΕΝΟΣ
972 192 1033 257 357

8 374 106 435 ΑΜ.
139 370 303 452 Καδμεῖοι
316 366 488 453 γέροντες,
510 361 553 434 οὐ
568 380 646 452 σῖγα
660 380 714 435 σῖ-

141 495 184 555 γα
199 464 258 536 τὸν
272 462 371 559 ὕπνῳ
385 470 589 555 παρειμένον
604 465 713 537 ἐάσετ’
729 471 786 538 έκ-

139 572 308 638 λαθέσθαι
323 576 457 653 κακῶν;

8 680 94 740 XO.
138 669 222 740 κατὰ
236 671 274 740 σέ
287 671 449 762 δακρύοις
463 673 586 759 στένω,
601 675 750 762 πρέσβυ,
765 675 822 743 καὶ
967 691 1034 745 1010

138 776 234 843 τέκεα
248 776 303 843 καὶ
318 773 354 843 τό
371 781 568 844 καλλίνικον
581 775 678 864 κάρα.

8 884 107 945 AM.
132 880 298 963 ἑκαστέρω
318 879 480 965 πρόβατε,
498 876 543 963 μὴ

138 995 310 1065 κτυπεῖτε,
327 976 372 1067 μὴ
388 986 507 1066 βοᾶτε,
521 977 566 1067 μὴ

140 1078 200 1149 τὸν
215 1072 255 1149 εὖ
269 1077 298 1149 τ’
315 1077 448 1151 ἰαύονθ’

138 1179 299 1252 ὑπνώδεά
311 1180 341 1253 τ’
359 1180 460 1264 εόνάς
475 1187 630 1274 ἐγείρετε.

8 1293 92 1353 XO.
136 1295 236 1374 οἴμοι.

138 1384 402 1476 φόνοςόσοςὸδ’
437 1379 611 1476 ΑΜ.ἀά,

137 1490 193 1559 διό
206 1486 242 1578 μ’
257 1488 375 1560 ὀλεῖτε.
410 1500 482 1561 XO.
497 1494 679 1580 κεχυμένος
697 1495 900 1563 έπαντέλλει.

8 1600 104 1661 ΑΜ.
138 1589 202 1662 οὐκ
218 1590 380 1682 ἀτρεμαῖα
393 1601 525 1683 θρῆνον
538 1590 675 1682 αἰόξεό,
690 1585 718 1662 ὦ
730 1597 904 1685 γέροντεςς

136 1692 181 1783 μὴ
190 1692 279 1783 δέσμ’
289 1694 545 1785 ἀνεγειρόμενος
552 1693 1032 1784 χαλάσας[ἀπολεῖπόλιν,]1055

137 1794 202 1867 ἀπὸ
218 1798 256 1866 δὲ
269 1802 395 1888 πατέρα
408 1799 563 1889 μέλαθρά
576 1827 611 1869 τε
625 1800 826 1890 καταρρήξῃ.

9 1908 92 1969 XO.
135 1896 278 1969 ἀδύνατ’
294 1898 447 1971 ἀδύνατά
458 1930 525 1991 μοι.

9 2010 103 2072 AM.
135 2018 228 2091 σῖγα,
247 2001 353 2084 πνοάς
366 2004 485 2092 μάθω·
504 2006 587 2093 φέρε
603 2004 688 2094 πρὸς
702 1996 762 2086 οὖς
775 2005 878 2093 βάλω.

9 2113 93 2173 XO.
135 2101 247 2189 εὕδει,
278 2114 362 2175 AM.
378 2113 452 2194 ναί,
470 2103 563 2176 εὕδει
965 2125 1031 2178 1060

136 2203 247 2277 ὕπνον
261 2204 372 2278 ὕπνον
384 2206 559 2298 ὀλόμενον,

138 2305 177 2389 δς
191 2307 284 2379 έκαν’
303 2308 442 2399 ἀλοχον,
458 2319 557 2382 ἔκανε
570 2312 609 2382 δέ
623 2313 738 2399 τέκεα,
753 2312 883 2400 τοξήρει

137 2419 258 2505 ψαλμῷ
273 2415 441 2495 τοξεύσας.

11 2523 93 2584 XO.
134 2516 270 2598 στέναζέ
282 2544 348 2585 νυν
374 2524 457 2585 AM.
473 2516 627 2601 στενάζω.

11 2625 94 2687 XO.
136 2618 265 2686 τέκνων
278 2614 427 2705 ὄλεθρον
458 2628 542 2689 AM.
567 2620 658 2709 ὤμοι.

12 2727 94 2789 XO.
133 2721 238 2788 σέθεν
251 2748 288 2789 τε
302 2720 431 2802 παιδός.
467 2730 550 2791 ΑΜ.
566 2728 647 2791 αἰαῖ.

14 2830 93 2891 XO.
134 2812 162 2889 τό
175 2825 306 2911 πρέσβυ
340 2831 423 2892 AM.
438 2839 516 2913 σῖγα
530 2839 625 2913 σῖγα·

136 2932 361 3013 παλίντροπος
374 2927 621 3015 ἐξεγειρόμενος
633 2927 827 3015 στρέφεται·
846 2922 927 3014 φέρ’

136 3025 337 3116 ἀπόκρυφον
352 3030 453 3116 δέμας
468 3026 534 3099 ὑπὸ
549 3032 722 3117 μέλαθρον
736 3026 868 3115 κρύψω.
962 3038 1030 3101 1070

15 3140 47 3199 Χ
49 3138 92 3197 0.
132 3128 270 3217 θάρσει·
286 3128 348 3213 νυξ
363 3137 429 3219 ἔχει
444 3134 597 3220 βλέφαρα
613 3132 709 3199 παιδὶ
722 3138 781 3223 σῷ.

16 3238 102 3304 AM.
132 3225 234 3320 ὁρᾶθ’
251 3229 361 3320 ὁρᾶτε.

134 3330 171 3402 τό
187 3334 272 3422 φάος
285 3338 435 3405 έκλιπεῑν
449 3338 503 3406 έπλ
517 3351 670 3406 κακοῖσιν
684 3332 726 3403 οὐ

136 3436 253 3524 φεύγω
267 3438 387 3526 τάλας,
404 3435 479 3509 ἀλλ’
497 3449 530 3508 εἴ
539 3467 581 3527 με
595 3452 694 3507 κανεῖ
706 3432 821 3525 πατέρ’
838 3431 931 3523 ὄντα,

135 3541 220 3627 πρὸς
234 3540 272 3609 δέ
286 3556 401 3622 κακοῖς
414 3539 500 3610 κακά
514 3542 654 3630 μήσεται
959 3556 1028 3613 1075
