2517 3934
580 169 735 231 ΕΑΕΝΗ

272 336 367 408 άλλοι
382 338 420 408 δὲ
434 343 566 425 τοίχους
580 337 711 420 δεξιούς
725 337 842 418 λαιούς
854 335 884 407 τ’
901 348 967 409 ίσοι

272 438 358 531 ἀνὴρ
373 436 452 531 παρ’
474 436 574 530 ἄνδρ’
592 437 703 525 ἕζονθ’
721 437 787 528 ὑφ’
807 445 918 529 εἵμασι
931 444 1011 531 ξίφη

273 539 411 632 λαθραῖ’
431 549 577 630 ἔχοντες,
592 541 696 631 ῥόθιά
709 540 741 611 τ’
758 546 976 631 ἐξεπίμπλατο
1098 559 1168 616 1575

273 652 372 733 βοῆς,
387 651 571 714 κελευστοῦ
585 642 764 734 φθέγμαθ’
781 642 826 736 ῦς
843 642 1043 734 ἠκούσαμεν.

272 750 345 819 ἐπεὶ
359 747 397 817 δὲ
410 755 506 835 γαίας
521 737 606 834 ἦμεν
620 743 694 817 οὔτ’
711 745 798 835 άγαν
813 747 926 838 πρόσω

272 845 345 918 οὔτ’
362 849 478 938 ἐγγύς,
494 845 601 929 οῦτως
615 844 707 939 ἤρετ’
727 849 853 919 οἰάκων
867 849 992 939 φύλαξ·

274 942 366 1041 ἔτ’,ῦ
380 949 462 1038 ξέν’,
477 957 524 1031 είς
537 948 574 1019 τό
589 946 757 1040 πρόσθεν,
767 946 793 1048 ἢ
806 959 914 1032 καλῶς
928 958 1004 1039 ἔχει,

275 1052 490 1140 πλεύσωμεν;
509 1050 608 1142 άρχαλ
621 1051 685 1141 γὰρ
701 1053 786 1134 νεοδς
798 1055 940 1142 μέλουσί
949 1075 1013 1123 σοι.
1098 1070 1170 1124 1580

272 1153 289 1225 ὃ
308 1152 342 1225 δ’
360 1153 441 1242 εἶφ’·
459 1152 531 1236 δι’λις
546 1182 612 1243 μοι.
628 1158 722 1247 δεξιᾷ
737 1152 770 1225 δ’
787 1153 873 1225 ἑλύν
886 1159 981 1244 ξίφος

273 1265 320 1340 είς
334 1264 473 1350 πρῷραν
488 1252 582 1346 εἷρπε
595 1253 678 1326 κάπλ
691 1265 835 1350 τανρείφ
849 1266 962 1348 σφαγῇ

276 1363 411 1440 σταθεὶς
424 1365 557 1447 νεκράν
570 1358 633 1446 μὲν
647 1356 788 1440 οῦδενδς
802 1359 935 1448 μνήμην
949 1367 1044 1448 ἔχων,

275 1463 405 1549 τέμνων
420 1462 457 1530 δὲ
470 1459 591 1548 λαιμόν
602 1457 721 1548 ηὔχετ’·
737 1453 765 1530 ά
777 1470 885 1531 ναίων
897 1458 961 1531 άλα

275 1563 389 1632 πόντιε
402 1561 571 1632 Πόσειδον
583 1564 725 1651 Νηρέως
738 1560 778 1633 θ’
793 1560 893 1653 διγναλ
905 1564 1013 1653 κόραι,
1096 1578 1168 1632 1585

276 1663 405 1733 σοι’σατέ
416 1660 452 1752 μ’
470 1661 523 1733 ἐπ’
540 1661 642 1745 άκτδις
656 1673 836 1746 Ναυπλίας
850 1665 1000 1755 δάμαρτά
1013 1692 1050 1734 τε

243 1823 245 1826 .
277 1760 404 1834 ἄσυλον
417 1769 454 1835 ἐκ
468 1772 538 1853 γῆς.
558 1771 694 1854 αἵματος
707 1765 740 1837 δ’
756 1765 921 1856 ἀπορροαὶ

277 1869 310 1946 ἐς
324 1862 413 1954 οἶδμ’
432 1866 643 1955 ἐσηκόντιζον
657 1865 770 1958 οῦριαι
783 1871 877 1961 ξένφ.

275 1974 336 2037 καί
349 1996 398 2049 τις
412 1969 472 2038 τόδ
475 1965 482 1992 ’
501 1966 587 2038 είπε·
603 1969 715 2050 δόλιος
727 1967 749 2057 ἡ
762 1976 959 2059 ναυκληρία,

277 2070 379 2140 πάλιν
395 2073 548 2157 πλέομεν
563 2069 698 2140 άκτίαν·
725 2074 843 2141 κέλευε
857 2073 911 2159 σύ,
1097 2087 1168 2141 1590

168 2185 171 2191 ’
275 2170 318 2240 σύ
334 2173 371 2241 δλ
385 2169 503 2260 στρέφ’
519 2170 613 2242 οἴακ’.
629 2177 665 2243 ἐκ
681 2174 719 2244 δὲ
731 2182 891 2263 ταυρείου
905 2172 1013 2262 φόνον

229 2297 235 2380 η’
272 2269 412 2363 Ἀτρέοις
425 2277 561 2355 σταθεὶς
574 2291 652 2357 παις
666 2260 828 2364 άνεηλόησε
841 2275 1037 2365 συμμάχοις·

232 2381 235 2405 ¹
276 2381 312 2443 τί
325 2372 468 2464 μέλλετ’,
484 2367 512 2444 οῦ
526 2384 586 2464 γῆς
597 2374 961 2465 Ἑλλάδοςλοιτίσματα,

276 2478 414 2564 σφάζειν
429 2477 590 2563 φονεύειν
603 2478 796 2569 βαρβάρους
808 2478 893 2560 νεός
906 2477 936 2549 τ’
954 2476 1018 2548 άπο
1088 2546 1093 2551 .

278 2582 409 2667 ῥίπτειν
424 2581 457 2658 ἐς
471 2578 588 2667 οἶδμα;
603 2581 785 2670 ναυβάταις
801 2582 840 2651 δὲ
852 2598 938 2651 τοῖσι
951 2595 1022 2659 σοῖς
1097 2593 1167 2648 1595

276 2687 342 2772 βοᾷ
356 2679 534 2768 κελευστὴς
548 2679 610 2769 τὴν
623 2687 780 2752 ἐναντίαν
795 2679 876 2753 ῦπα·

144 2797 148 2805 ’
278 2778 342 2851 ούκ
358 2779 399 2852 εἷ’
413 2775 433 2850 ῦ
449 2784 511 2869 μέν
525 2811 574 2863 τις
588 2792 729 2853 λοῖσθον
743 2781 871 2873 άρεϊται
885 2784 980 2874 δόρυ,

276 2876 295 2948 δ’
315 2884 353 2952 δὲ
366 2881 438 2970 ζύγ’
456 2880 551 2970 άξας,
570 2883 591 2953 δ
604 2882 638 2955 δ’
654 2883 791 2974 άφελοδν
804 2894 954 2974 σκαλμοῦ
968 2883 1110 2972 πλάτην,“

277 2981 528 3072 καθαιματεόσει
541 2994 647 3076 κράτα
660 2995 829 3076 πολεμίων
841 2990 963 3070 ξένοινς

280 3080 381 3173 ὀρθοὶ
395 3082 427 3153 δ’
444 3081 571 3174 ἀνῇξαν
584 3088 722 3177 πάντες,
737 3095 772 3159 οδ
782 3090 844 3177 μὲν
858 3093 895 3158 ἐν
907 3103 1021 3178 χεροῖν
1100 3102 1183 3156 16ου

279 3185 425 3274 κορμούς
439 3193 569 3274 ἔχοντες
582 3189 779 3277 ναυτικούς,
795 3199 830 3260 ολ
842 3193 880 3259 δὲ
892 3195 989 3279 ξίφη·

281 3287 375 3374 φόνῳ
389 3288 427 3358 δὲ
441 3295 526 3368 ναῦς
540 3293 678 3379 ἐρρείτο.
693 3295 949 3381 παρακέλευσμα
963 3289 994 3360 δ’
1011 3282 1055 3380 ἦν

280 3390 481 3478 πρύμνηθεν
493 3386 641 3480 Ἑλένης·
655 3400 722 3462 ποῦ
735 3390 772 3463 τό
790 3392 943 3484 Τρωικὸν
954 3397 1066 3473 κλέος;

249 3545 261 3635 η
282 3493 411 3572 δείξατε
425 3490 509 3581 πρὸς
523 3487 649 3585 ἄνδρας
662 3495 864 3585 βαρβάρους.
887 3502 1034 3586 σπονδῆς
1050 3499 1070 3562 δ
1075 3490 1083 3518 ’
1084 3489 1170 3604 κῦττο
