2517 3934
176 129 265 180 XXIV
490 129 540 180 DE
559 126 745 182 RVRIPIDIS
762 123 851 178 VITA

175 282 244 342 item
281 278 336 341 alia
370 281 435 341 sine
463 279 555 340 dubio
582 280 690 341 ficticia
717 279 885 359 produntur
912 278 951 340 de
977 279 1171 353 documentis

176 363 283 445 quihus
305 363 435 425 debitum
458 372 564 445 poetae
592 364 735 424 honorem
758 363 898 439 aequales
924 361 1165 440 ostenderint35).

176 451 302 510 maxime
330 466 400 510 vero
428 452 540 526 posteri
574 450 728 525 ingenium
756 456 786 508 et
812 456 906 510 artem
936 451 1001 508 eius
1027 449 1172 509 admirati

176 541 260 603 sunt,
288 533 361 594 adeo
388 541 420 593 ut
447 541 566 613 praeter
588 533 751 593 Homerum
779 531 880 593 nullus
908 533 1040 594 extiterit
1066 538 1172 611 poeta„

175 620 228 699 qui
249 625 329 678 tanta
353 617 473 678 lloreret
494 616 573 695 apud
595 617 756 696 populares
778 618 871 693 gratia
896 623 924 677 el
947 619 1134 678 auctoritate.

237 701 371 764 Moribus
398 701 557 779 Euripides
585 703 641 761 luit
670 703 758 762 castis
779 708 810 761 et
836 703 963 771 severis,
992 709 1082 780 alque
1110 701 1173 778 ipsi

175 788 261 848 laciei
283 789 349 848 ains
370 787 486 846 tristitia
503 785 648 865 quaedam
670 787 768 846 inerat
790 793 819 845 et
840 781 1052 862 sustentari),
1076 803 1170 864 quam

176 889 242 931 cnm
277 871 417 948 gravitate
452 871 639 930 coniunctam
670 870 700 928 in
728 869 910 947 imaginibus
941 878 1046 947 poetae
1076 872 1169 930 etiam

176 973 256 1016 nuno
278 957 466 1032 agnoscimus
475 950 521 1032 ³⁷).

238 1039 279 1099 lle
303 1037 469 1099 fabularum
485 1037 712 1114 Euripidearum
735 1055 859 1098 numero
876 1045 967 1099 testes
989 1037 1083 1097 nostri
1106 1037 1170 1098 dis·

176 1125 307 1184 sentiunt
328 1141 383 1185 nec
405 1131 532 1200 possunt
553 1123 622 1183 satis
638 1128 719 1182 certa
735 1122 845 1182 allerri.
876 1125 1062 1202 septuaginta
1079 1123 1167 1200 qnin-

175 1225 232 1287 que
262 1207 394 1267 dramata
423 1209 601 1286 computavit
627 1206 736 1276 Varro,
766 1206 817 1268 alii
844 1208 1005 1283 nonaginta
1034 1205 1093 1266 duo
1120 1205 1168 1266 vel

179 1377 377 1386 .——..-—-

175 1467 252 1541 πλὴν
264 1468 393 1539 Eelpmtd
425 1477 582 1541 συμπεσεῖν
593 1463 714 1538 ὕστερον
726 1465 938 1541 τελευτήσαντι.
966 1475 1070 1527 Bianor
1081 1475 1167 1525 Anth.

174 1542 236 1596 Pal.
256 1544 281 1606 7,
298 1545 346 1593 49ι
370 1493 430 1608 cplg
453 1535 508 1608 γαρ
531 1535 731 1607 incaeduus,
751 1532 913 1608 Εὐριπίδη,
933 1534 964 1593 ἔκ
981 1534 1053 1600 Διὸς
1070 1535 1167 1608 αἰθὴρ

175 1601 469 1742 terrenae
482 1559 1168 1743 orrterrrturzrnrrsnn

186 1735 195 1756 ν
252 1739 259 1756 ι
442 1718 469 1762 ,,’
522 1715 528 1728 ’
689 1715 696 1739 '

176 1760 494 1876 allvlllllllulhlllpllellllat
516 1812 588 1876 qnod
607 1811 758 1878 Sophocles
776 1816 859 1875 atque
876 1811 936 1876 ipse
954 1811 1167 1862 Atheniensium

175 1879 293 1945 populus
310 1878 413 1928 luxisse
433 1883 542 1944 poetam
561 1880 590 1928 in
613 1879 724 1929 theatro
742 1879 887 1942 dicuntur,
905 1879 961 1930 vit.
980 1881 1045 1932 Eur.
1063 1894 1104 1930 vs.
1122 1882 1166 1930 44.

174 1949 240 1996 item
260 1961 331 2011 qnae
350 1945 458 1997 Gellius
478 1945 522 2006 15,
541 1948 585 2008 20,
607 1949 639 1997 10
661 1945 760 1996 habete
783 1963 837 1996 eum
854 1948 933 2011 legati
948 1949 985 1996 ud
1001 1961 1045 1997 eos
1063 1943 1167 2010 (Mace-

176 2012 272 2078 dones)
300 2014 331 2063 ab
358 2014 553 2064 Atheniensibus
577 2016 648 2064 missi
670 2017 798 2077 petierent
822 2020 850 2063 ut
875 2029 935 2063 ossa
956 2014 1073 2064 Athenas
1099 2017 1168 2064 inim

175 2085 286 2145 patriam
305 2083 486 2144 permitterent
506 2083 659 2144 transferri,
682 2083 792 2132 morino
808 2097 939 2141 vconsensu
956 2082 1117 2132 Macedones
1140 2083 1168 2131 in

175 2164 208 2198 ea
223 2165 253 2198 re
272 2150 423 2212 denegando
438 2151 617 2212 perstiterunt.

243 2210 289 2280 36)
309 2216 373 2265 Noti
392 2219 456 2265 sunt
473 2215 668 2281 Aristophanis
686 2229 782 2265 versus
800 2231 817 2265 a
834 2214 925 2267 Gellio
944 2217 989 2278 to,
1007 2218 1049 2280 20,
1068 2217 1084 2266 8
1103 2232 1166 2288 pro·

175 2281 239 2332 ditia
262 2271 326 2332 ὁδ’
343 2274 533 2364 Ἀναξαγόρου
551 2277 691 2346 τρόφιμος
714 2280 798 2346 χαιοῦ
822 2277 968 2364 σ’τροφνὸρ
990 2277 1044 2401 gir
1068 2278 1167 2349 ἔμοιγε

177 2352 341 2415 προσειπεῖν
353 2346 402 2399 nal
422 2351 577 2417 μισογελως
589 2348 641 2402 uorl
652 2345 796 2412 τωθάζειν
809 2346 880 2402 oudl
892 2367 950 2415 ιταρ
976 2366 991 2400 ο
1006 2365 1056 2401 νον
1073 2366 1167 2416 pepu-

175 2407 299 2498 dpnrln.⁸
319 2417 386 2467 Vita
408 2417 473 2468 Eur.
497 2432 538 2468 vs.
562 2420 609 2468 64:
639 2409 810 2495 σκυθρωπός
837 2412 872 2469 δὲ
895 2415 946 2468 καὶ
963 2410 1091 2476 ’σύννους
1114 2418 1166 2469 sul

176 2475 1167 2616 tisernitius“thtistit{attltt‘tzttttdhht

174 2616 248 2678 σίας.
279 2619 336 2669 alia
349 2620 483 2684 quaedam
502 2619 536 2669 de
555 2620 614 2670 eins
634 2619 707 2669 facie
721 2625 750 2669 at
766 2619 864 2669 habitu
881 2571 970 2669 traclit
983 2620 1049 2669 Vita
1060 2633 1102 2670 vs.
1116 2623 1166 2671 252

175 2678 288 2751 ἐλέγετο
311 2679 344 2737 dl
365 2684 416 2736 sul
443 2681 542 2752 βαθὺν
565 2679 689 2752 ungoru
711 2681 827 2751 θρέψαι
849 2685 899 2736 καὶ
924 2681 971 2737 ἐπὶ
994 2685 1045 2753 τῆς
1068 2679 1166 2751 ὄψεως

175 2745 289 2818 panonia
307 2746 468 2818 ἐσχηκέναι.
499 2754 700 2819 Aristophanes
712 2754 821 2805 Thesm.
834 2755 883 2805 190
895 2753 1057 2820 Euripidem
1070 2754 1166 2804 dicen·

175 2825 230 2871 tom
249 2820 328 2870 iacit:
346 2812 446 2879 πολιός
465 2816 523 2884 εἰμι
541 2819 590 2871 καὶ
609 2811 724 2886 noo'poro'
744 2816 808 2886 ἔχω.

242 2885 288 2951 37)
306 2887 435 2950 Inprimis
457 2887 521 2938 vide
539 2888 677 2940 viscontii
695 2887 820 2952 Iconogr.
840 2889 887 2940 Gr.
906 2892 971 2940 tom.
992 2891 1005 2938 1
1024 2889 1084 2942 tab.
1101 2892 1119 2941 5
1137 2895 1167 2940 ei

175 2952 362 3018 anaglyphum
376 2969 428 3018 quo
446 2953 593 3020 Euripides
611 2957 640 3004 in
653 2955 723 3006 sella
736 2955 837 3005 sedens
850 2961 1081 3021 repraesentatur
1092 2972 1167 3007 mar·

174 3022 258 3070 moris
281 3020 383 3071 Albani
404 3019 447 3085 (C.
469 3021 504 3073 11.
529 3019 622 3088 6047),
645 3022 678 3072 de
702 3037 755 3086 quo
777 3023 1023 3074 winckelmannus
1044 3025 1165 3075 Menum.

174 3087 251 3137 ined.
269 3089 327 3139 168.
368 3088 418 3137 has
442 3089 577 3153 imagines
600 3089 743 3154 probabile
768 3093 811 3141 cst
834 3106 868 3140 ex
891 3092 1010 3142 vetustis
1032 3093 1166 3158 exemplis

176 3155 318 3205 derivatas
342 3170 417 3205 esse:
441 3162 515 3206 certe
539 3159 649 3206 statuas
667 3156 814 3221 Sophoclis
837 3163 865 3208 et
887 3157 1032 3223 Euripidis
1048 3160 1166 3210 Athenis

174 3224 205 3272 in
228 3222 338 3273 theatro
361 3222 514 3273 collocatas
538 3222 624 3274 fuisse
650 3226 790 3275 testantur
807 3225 962 3275 Pausanias
984 3229 1012 3290 1,
1031 3228 1112 3288 21‚1
1137 3231 1166 3277 et

173 3289 238 3340 Ath.
257 3290 271 3339 I
289 3306 316 3354 p.
337 3292 368 3340 19
381 3291 418 3353 Ε,
441 3305 496 3341 non
515 3295 656 3342 testantur
673 3292 830 3356 Lycurgum
849 3298 984 3344 oratorem
1001 3294 1167 3358 impetrasse

174 3357 203 3406 id
222 3357 295 3423 quod
321 3362 484 3422 rogaverat,
512 3364 543 3409 ut
570 3360 653 3408 trium
679 3359 835 3424 principum
862 3361 1027 3425 tragicorum
1055 3365 1167 3412 statuae

175 3440 280 3474 aeneae
298 3425 326 3475 iu
345 3426 455 3476 theatro
473 3431 651 3492 ponerentur.
686 3426 724 3478 cf.
741 3427 841 3478 Meieri
859 3427 961 3484 Oomm.
979 3428 1014 3480 de
1031 3428 1092 3480 vita
1109 3429 1166 3494 Ly-

173 3493 286 3558 cnrgip
313 3493 429 3544 XXXVI
449 3508 488 3545 so.
