2517 3934
591 157 756 217 BAKXAI

308 348 471 422 γυναῖκας
484 327 565 418 ἡμῖν
580 325 702 418 θύματ’
718 329 946 397 ἐκλελοιπέναι

307 444 485 505 πλασταῖσι
498 439 726 521 βακχείαισιν,
741 433 779 500 ἐν
792 431 831 500 δὲ
845 435 995 511 δασκίοις

308 534 402 628 ὄρεσι
415 535 563 620 θοάζειν,
577 531 639 602 τὸν
650 534 772 602 νεωστί
787 537 932 621 δαίμονα

308 640 481 711 Διόνυσον
494 634 585 716 ὅστις
599 639 669 704 ἐστι
681 634 826 722 τιμώσας
839 650 965 724 χοροῖς·
1149 650 1203 701 m

308 741 446 831 πλήρεις
460 739 499 808 δδ
516 737 651 818 θιάσοις
663 741 701 807 ἐν
714 740 866 825 μέσοισιν
881 734 1015 806 ἑστάναι

308 851 493 933 κρατῆρας,
509 838 614 928 άλλην
628 836 662 908 δ’
678 837 794 908 άλλοσ’
814 845 860 920 είς
875 842 1016 928 ἐρημίαν

309 945 533 1043 πτώσσουσαν
545 939 660 1022 εύναῖς
673 938 827 1029 άρσένων
840 938 1031 1029 ὑπηρετεῖν,

309 1048 481 1137 πρόφασιν
494 1045 557 1134 μὲν
572 1041 617 1125 οἱς
630 1042 673 1132 δή
688 1043 869 1123 Μαινάδας
881 1041 1084 1128 θυοσκόους,

310 1179 374 1238 την
388 1146 419 1219 δ’
434 1147 638 1238 Ἀφροδίτην
651 1142 771 1236 πρόσθ’
788 1142 884 1233 ἄγειν
896 1152 958 1214 τοῦ
971 1150 1132 1231 Βακχίου.
1152 1160 1205 1213 225

311 1247 392 1333 ὅσας
405 1252 468 1341 μὲν
482 1240 547 1319 σύν
562 1259 701 1337 είληφα,
718 1254 876 1335 δεσμίους
889 1250 987 1337 χέρας

310 1354 451 1438 στάζουσι
463 1352 668 1440 πανδήμοισι
683 1350 866 1440 πρόσπολοι
879 1352 1024 1438 στέγαις·

311 1453 387 1526 ὅσαι
403 1454 435 1525 δ’
451 1452 596 1540 άπεισιν,
612 1456 645 1536 ἐξ
660 1449 762 1542 ὅρους
775 1452 977 1542 θηράσομαι,

307 1554 379 1627 Ἰνύ
391 1555 416 1627 τ’
429 1555 574 1644 Ἀγαύην
588 1553 620 1626 θ’
637 1552 660 1644 ή
672 1552 701 1642 μ’
719 1552 813 1624 ἔτικτ’
827 1551 957 1643 Ἐχίονι,

307 1656 498 1738 Ἀκταίονός
512 1687 547 1727 τε
561 1654 690 1747 μητέρ’,
704 1654 884 1746 Αὐτονόην
898 1660 996 1745 λέγω.
1154 1673 1209 1727 λῖθ

313 1764 369 1830 καὶ
383 1768 470 1850 σφᾶς
484 1766 637 1848 σιδηραῖς
651 1755 797 1848 άρμόσας
812 1763 849 1829 ἐν
862 1756 985 1848 άρκυσι

312 1864 430 1934 παύσω
444 1862 639 1951 κακούργου
653 1867 754 1949 τῆσδε
768 1869 925 1950 βακχείας
940 1861 1030 1949 τάχα.

312 1969 447 2055 λέγουσι
463 1960 495 2034 δ’
513 1961 558 2046 ὥς
572 1993 622 2046 τις
638 1959 837 2053 εἰσελήλυθε
851 1966 944 2046 ξένος

313 2069 393 2156 γόης
407 2067 536 2160 ἐπφδός
549 2073 680 2147 Λυδίας
693 2062 759 2135 άπὸ
773 2065 907 2153 χθονός,

314 2174 467 2254 ξανθοῖσι
480 2169 718 2259 βοστρύχοισιν
732 2165 887 2256 εύόσμοις
900 2174 1024 2256 κομῶν,
1159 2185 1213 2238 2.λὸ

313 2272 467 2358 οίνωπός,
482 2269 595 2352 ὄσσοις
610 2271 745 2361 χάριτας
755 2267 952 2359 Ἀφροδίτης
966 2277 1063 2357 ἔχων,

311 2369 349 2455 δς
363 2370 487 2464 ήμέρας
501 2401 538 2443 τε
551 2370 744 2462 κεύφρόνας
758 2381 974 2461 συγγίγνεται

314 2476 447 2559 τελετάς
460 2484 650 2566 προτείνων
665 2473 780 2556 εὐίους
795 2475 958 2545 νεάνισιν.

315 2587 347 2649 εί
359 2578 392 2649 δ’
408 2575 515 2650 αύτὸν
528 2589 607 2648 είσω
622 2584 723 2667 τῆσδε
738 2577 885 2667 λήψομαι
898 2580 1025 2664 στέγης,

314 2682 431 2752 παύσω
448 2688 643 2751 κτυποῦντα
656 2681 789 2769 θύρσον
803 2676 1002 2749 άνασείοντά
1016 2703 1051 2745 τε
1162 2695 1218 2747 2⁴0

314 2784 433 2872 κόμας,
449 2783 614 2872 τράχηλον
627 2782 778 2871 σώματος
790 2783 891 2871 χωρὶς
905 2780 1026 2870 τεμών.

316 2890 443 2966 ἐκεῖνος
458 2885 548 2954 εἶναί
559 2907 643 2974 φησι
658 2885 832 2954 Διόνυσον
844 2883 939 2969 θεόν,

314 2991 440 3068 ἐκεῖνος
453 2993 491 3056 ἐν
504 2995 599 3078 μηρῷ
613 2984 682 3057 ποτ’
698 2987 867 3077 ἐρράφθαι
883 2985 978 3072 Διός,

315 3085 352 3170 ὃς
366 3092 570 3178 ἐκπυροῦται
584 3089 753 3177 λαμπάσιν
767 3096 962 3179 κεραυνίαις

317 3189 383 3261 σύν
396 3198 512 3280 μητρί,
526 3198 636 3272 Δίους
649 3187 701 3261 ότι
716 3191 842 3280 γάμους
855 3190 1031 3274 ἐψεύσατο.
1161 3208 1216 3261 245

317 3290 406 3362 ταῦτ’
422 3291 497 3380 ούχί
511 3298 624 3381 δεινῆς
641 3291 783 3380 άγχόνης
801 3295 933 3383 ἐπάξια,

318 3391 434 3482 ὕβρεις
448 3393 608 3482 ὑβρίζειν,
624 3391 715 3474 ὅστις
728 3399 819 3465 ἔστιν
832 3392 850 3463 ὁ
864 3397 975 3477 ξένοςς

316 3491 399 3582 άτάρ
414 3493 484 3565 τόδ’
499 3492 581 3565 άλλο
596 3503 730 3583 θαῦμα,
745 3494 804 3564 τὸν
816 3496 1025 3586 τερασκόπον
