2517 3934
195 159 257 223 144
637 162 785 219 EKABH

308 323 353 420 ἦν
367 337 387 401 δ
390 333 405 401 ὲ
418 328 455 400 τό
470 331 534 420 μὲν
546 329 609 399 σὸν
623 330 782 400 σπεύδων
796 324 930 419 άγαθδν

305 442 364 522 τῆς
376 433 585 523 μαντιπόλου
599 433 730 521 Βάκχης
744 429 875 520 άνέχων

311 532 420 623 λέκτρ’
434 533 667 623 Ἀγαμέμνων·

310 635 355 707 τῶ
370 643 516 726 Θησείδα
532 634 578 726 δ’,
595 633 658 720 ὄζω
670 636 838 726 Ἀθηνῶν,

310 747 437 810 δισσῶν
450 739 574 829 μύθων
589 740 728 829 ῥήτορες
741 731 844 827 ἦσαν·

309 843 426 932 γνῶμη
441 848 461 912 δ
464 843 478 911 ὲ
492 850 552 934 μιᾷ
566 850 826 931 σννεχωρείτην,

309 943 368 1015 τὸν
374 943 557 1032 Ἀχίλλειον
570 943 701 1032 τύμβον
715 951 908 1032 στεφανοῦν

310 1054 422 1136 αἵματι
436 1052 570 1138 χλωρῷ,
586 1045 626 1114 τά
640 1047 678 1115 δέ
692 1047 893 1136 Κασάνδρας

308 1146 419 1238 λέκτρ’
436 1146 498 1218 οὐκ
514 1148 642 1236 ἐφάτην
655 1156 713 1236 τῆς
724 1146 884 1237 Ἀχιλείας

311 1253 463 1341 πρόσθεν
477 1250 598 1339 θήσειν
613 1251 692 1320 ποτὲ
706 1252 836 1340 λόγχης.

308 1355 454 1424 σπουδαὶ
469 1353 507 1423 δέ
520 1353 632 1440 λόγων
646 1356 933 1442 κατατεινομένων

310 1447 396 1544 ἦσαν
414 1467 483 1526 ίσαι
498 1482 584 1542 πως,
601 1457 683 1542 πρὶν
697 1452 715 1525 ὅ
730 1456 964 1544 ποικιλόφρων

308 1559 405 1639 ιιόπις
418 1556 585 1647 ἡδνλόγος
598 1556 841 1647 δημοχαριστὴς
914 1554 918 1559 ”

274 1733 281 1748 ,
308 1661 515 1749 Λαερτιάδης
529 1668 642 1729 πείθει
658 1658 818 1750 στρατιάν

310 1761 355 1850 μὴ
369 1761 429 1831 τὸν
446 1759 583 1852 άριστον
597 1770 747 1831 Δαναῶν
762 1763 899 1832 πάντων

310 1863 444 1935 δούλων
457 1871 612 1952 σφαγίων
634 1863 735 1933 εἵνεκ’
758 1861 922 1950 άπωθεϊν,

311 1970 398 2055 μηδέ
409 1962 476 2035 τιν’
494 1972 600 2035 εἰπεῖν
615 1965 706 2054 παρά
718 1966 922 2058 Περσεφόνη

310 2070 433 2138 στάντα
447 2070 627 2157 φθιμένων

312 2169 356 2251 ῶς
370 2168 541 2260 ιἰχάριστοι
555 2172 686 2239 Δαναοὶ
699 2167 849 2252 Δαναοῖς

309 2289 378 2354 τοῖς
392 2276 577 2361 οίχομένοις
590 2269 677 2360 ὑπὲρ
687 2269 856 2360 Ἑλλήνων

313 2383 434 2464 Τροίας
448 2381 576 2444 πεδίων
591 2371 773 2462 ἀπέβησαν.

308 2475 378 2567 ἥξει
393 2477 426 2548 δ’
439 2475 600 2557 Ὀδνσεύς
613 2473 695 2545 ὅσον
710 2473 773 2546 οὐκ
786 2474 862 2565 ἤδη,

309 2588 424 2650 πῶλον
438 2577 591 2669 άφέλξων
605 2586 676 2648 σῶν
690 2575 755 2649 άπὸ
769 2587 905 2666 μαστῶν

309 2691 346 2752 ἔκ
360 2710 395 2752 τε
408 2689 544 2772 γεραιᾶς
557 2678 654 2769 χερὸς
668 2678 835 2771 ὁρμήσων.

308 2782 383 2854 ἄλλ’
400 2795 451 2854 ίθι
467 2784 586 2871 ναούς,
603 2794 655 2853 ίθι
670 2783 754 2873 πρὸς
769 2785 914 2874 βωμούς,

309 2884 349 2970 ἵζ’
363 2883 607 2974 Ἀγαμέμνονος
623 2888 724 2966 ἱκέτις
736 2886 901 2974 γονάτων,

309 2988 456 3077 κήρυσσε
471 2987 576 3068 θεοὺς
590 2989 670 3068 τούς
684 2985 713 3056 τ’
730 2985 915 3078 οὐρανίδας

309 3089 387 3168 τούς
402 3087 440 3158 θ’
460 3086 525 3158 ὖπό
542 3105 652 3177 γαῖαν.

309 3187 332 3280 ἦ
347 3191 410 3282 γάρ
426 3213 463 3261 σε
477 3193 564 3260 λιταὶ
579 3192 826 3263 διακωλύσονσ’

310 3291 463 3381 όρφανόν
479 3293 564 3362 εἶναι
580 3292 698 3374 παιδὸς
712 3300 841 3383 μελέας,

309 3389 331 3481 ἢ
344 3400 400 3464 δεῖ
411 3391 445 3463 σ’
462 3399 590 3464 ἐπιδεῖν
604 3395 734 3483 τύμβον
749 3403 896 3486 προπετῆ

307 3498 567 3584 φοινισσομένην
582 3503 695 3583 αἵματι
710 3501 883 3584 παρθένον
