2517 3934
210 195 274 261 8³8
458 192 666 251 ΗΡΑΚΛΗΣ
681 187 996 249 ΜΑΙΝΟΜΕΝΟΣ

329 361 414 452 δόρυ
429 357 452 429 τ’
470 366 614 429 ἔπαλλον
628 359 665 425 ἐν
679 362 781 446 αἰχμᾷ
893 381 897 385 ·

329 470 507 552 Καδμείων
521 488 556 530 τε
572 460 725 547 σύνηβοι,

327 569 457 635 τέκεσιν
470 558 512 631 άν
526 565 694 651 παρέσταν

327 665 427 757 άλκξι·
443 672 509 733 νῦν
523 661 556 732 δ’
574 660 797 746 ἀπολείπομαι
815 688 840 782 η

261 788 273 805 “
327 776 385 847 τᾶς
400 766 599 853 εὐδαίμονος
613 759 707 851 ἥβας.

326 868 400 939 ἀλλ’
418 872 523 954 ἐσορῶ
538 864 602 953 γάρ
617 864 737 933 τούσδε
751 861 931 948 φθιμένων

329 968 437 1041 ἔνδυτ’
454 976 604 1056 ἔχοντας,
620 962 699 1044 τούς
712 970 772 1033 τοῦ
786 961 935 1049 μεγάλου

329 1072 381 1161 [δή
395 1098 473 1141 ποτε
487 1073 617 1151 παῖδας]
633 1065 670 1136 τὸ
684 1067 766 1154 πρὶν
774 1060 996 1151 Ἡρακλέους,

329 1172 452 1261 άλοχον
466 1199 500 1241 τε
516 1177 619 1257 φίλην
634 1165 873 1254 ύποσειραίους
1182 1182 1224 1235 445
1255 1207 1257 1249 ,

329 1278 429 1345 ποσὶν
444 1277 607 1343 ἕλκουσαν
624 1272 725 1339 τέκνα
739 1268 795 1335 καί
811 1263 950 1355 γεραιὸν
1255 1252 1257 1342 λ

331 1373 441 1464 πατέρ’
453 1373 665 1462 Ἡρακλέους.
680 1370 844 1456 δύστηνος
858 1367 941 1454 ἐγώ,
1255 1345 1257 1378 '

332 1477 491 1568 δακρύων
506 1472 550 1554 ὥς
565 1471 607 1542 ού
622 1473 769 1560 δύναμαι
783 1471 935 1557 κατέχειν
1255 1509 1257 1550 ,

333 1586 451 1667 γραίας
465 1574 577 1645 ὅσσων
591 1582 639 1644 ἐτι
652 1573 769 1662 πηγάς.
1181 1588 1225 1642 450
1255 1555 1257 1639 λ

222 1692 298 1756 ΜΕ
331 1680 414 1749 εἶεν·
435 1685 485 1757 τίς
502 1677 627 1764 ίερεύς,
642 1683 692 1755 τίς
706 1672 857 1763 σφαγεὺς
871 1680 939 1743 τῶν
953 1673 1167 1763 δυσπότμων

332 1778 354 1870 ἢ
369 1789 427 1869 τῆς
442 1785 599 1867 ταλαίνης
612 1784 670 1865 τῆς
685 1781 763 1865 ἐμῆς
776 1782 885 1862 ψυχῆς
899 1775 1049 1863 φονεύς;

335 1880 432 2015 ἕτοιμ’
448 1880 543 1969 άγειν
556 1878 596 1949 τά
610 1875 730 1980 θύματ’
747 1884 793 1957 είς
797 1874 916 1946 ’Ἁιδον
931 1877 1023 1946 τάδε.

336 2015 361 2055 ω
376 1981 473 2072 τέκν’,
500 1982 653 2071 ἀγόμεθα
676 1988 791 2068 ζεῦγος
804 2007 857 2047 ου
835 1975 967 2049 ’καλὸν
980 2007 1129 2069 νεκρων,
1255 2013 1256 2068 3

1255 2077 1257 2112 ί

336 2086 421 2212 ὁμου
407 2037 592 2176 ’γέροντες
605 2086 662 2152 καί
675 2086 746 2152 νέοι
759 2083 816 2151 καὶ
831 2085 981 2172 μητέρες.
1181 2098 1226 2152 455

339 2184 366 2260 ά
381 2206 480 2280 μοῖρα
495 2181 684 2257 δυστάλαιν’
713 2182 774 2271 έμη
790 2209 825 2251 τε
846 2186 902 2253 καὶ
917 2187 1048 2253 τέκνων
1212 2179 1217 2196 '

336 2290 451 2380 τόνδ’,
470 2286 530 2370 ούς
543 2285 721 2357 πανύστατ’
738 2284 883 2373 ὄμμασιν
898 2289 1165 2376 προσδέρκομαι.

338 2404 453 2466 έτεκον
466 2395 529 2482 μὲν
542 2387 646 2479 ύμόις,
661 2395 831 2476 πολεμίοις
844 2385 877 2456 δ’
895 2388 1095 2477 ἐθρεψάμην

338 2495 484 2623 ὕβρισμα
498 2491 689 2581 κάπίχαρμα
703 2492 760 2559 καὶ
773 2490 978 2579 διαφθοράν.

338 2608 421 2729 φεύ·

339 2696 461 2832 ηπολύ
476 2730 516 2793 με
531 2700 629 2788 δόξης
647 2697 822 2779 ἐξέπαισαν
839 2697 981 2780 ἐλπίδες,
1182 2711 1227 2765 ςεο

339 2838 382 2899 ην
395 2803 518 2899 πατρὸς
533 2801 681 2892 ύμωνκ
645 2804 681 2870 ἐκ
698 2798 809 2886 λόγων
823 2822 886 2864 ποτ
883 2791 1043 2883 ἠλπισα.

340 2914 394 2982 σοί
407 2906 520 3001 μέν
482 2937 546 2997 γαρ
550 2903 673 2994 ’Ἄργος
687 2894 803 2988 ἔνεμ’
788 2926 805 2967 ο
820 2896 1002 2967 κατθανων
1016 2897 1140 2987 πατήρ,

341 3011 549 3105 Εὐρυσθέως
564 3007 598 3078 δ’
615 3014 747 3095 ἔμελλες
761 3000 910 3088 οἰκήσειν
925 3000 1050 3086 δόμους

339 3147 397 3209 της
411 3113 641 3236 καλλικάρπρυ
655 3104 774 3198 κράτος
790 3111 876 3190 ἔχων
889 3109 1091 3189 Πελασγίας,

341 3221 462 3310 στολην
475 3246 511 3289 τε
525 3212 632 3304 θηρὸς
646 3209 886 3300 ἀμφέβαλλε
852 3227 899 3274 σω
914 3204 1001 3295 κάρα
1185 3215 1226 3273 ςςε

341 3330 490 3409 λέοντος,
508 3312 594 3410 ηπερ
610 3311 711 3393 αὐτὸς
724 3316 933 3393 ἐξωπλιζετο
1139 3314 1147 3325 '

343 3427 387 3496 σύ
401 3424 434 3495 δ’
451 3416 542 3511 ησθα
557 3423 680 3505 Θηβωυ
693 3440 761 3481 των
775 3408 993 3496 φιλαρμάτων
1008 3403 1102 3493 άναξ,

346 3535 491 3615 ἔγκληρα
506 3526 605 3591 πεδία
621 3512 708 3601 τάμά
721 3519 782 3600 γῆς
795 3510 1004 3597 κεκτημένος,
