2517 3934
391 866 742 938 ΤΠΟΘΕΣΙΣ.

165 1285 265 1356 Μετά
286 1286 348 1375 τὴν
372 1295 493 1376 Τροίας
514 1284 642 1358 ἅλωσιν
664 1285 804 1376 άραντες
825 1293 860 1357 οί
874 1283 1034 1376 Ἕλληνες

70 1397 360 1476 καθωρμίσθησαν
370 1393 408 1458 έν
418 1388 650 1480 τήάντιπέραν
656 1390 860 1482 Χερρονήσῳ
874 1391 1034 1482 τήςΘρᾴ-

68 1517 142 1577 κης,
164 1481 203 1577 ής
216 1482 299 1581 ἦρχε
323 1492 575 1582 Πολυμήστωρ·
601 1500 688 1562 ἔνθα
708 1496 765 1561 καὶ
787 1495 907 1580 φανείς
924 1489 1032 1581 Ἀχιλ-

68 1590 145 1674 λεύς
172 1596 288 1680 ἐπέσχε
323 1592 402 1676 τοῦς
430 1591 581 1682 Ἀχαιούς
611 1602 669 1683 τῆς
700 1591 893 1684 ἀναγωγῆς,
930 1603 1060 1664 αίτῶνο

67 1692 127 1780 τὴν
152 1700 256 1764 παῖδα
281 1695 439 1783 Πριάμου
461 1699 658 1784 Πολυξένην
683 1700 784 1786 γέρας
808 1697 901 1790 αύτῷ
925 1703 1031 1786 δοθῆ-

68 1823 130 1864 ναι.
170 1792 329 1885 Ἕλληνες
354 1799 416 1885 μέν
443 1791 506 1868 ούν
539 1801 748 1886 ἐψηφίσαντο
775 1799 898 1887 σφάξαι
926 1797 1033 1887 αὐτὴν

68 1899 119 1968 ἐπὶ
133 1905 177 1990 τῷ
200 1899 297 1988 τάφφ
318 1908 380 1969 τοῦ
400 1897 519 1989 ἥρωος.
565 1907 717 1989 ἔπεμψαν
739 1902 777 1971 δὲ
797 1904 854 1971 καὶ
870 1899 1033 1970 Ὀδυσσέα

68 1998 147 2088 πρὸς
156 1997 311 2089 Ἑκάβην,
327 1998 371 2083 ύς
379 1996 422 2071 άν
429 2001 491 2091 τήν
498 2007 675 2090 παρθένον
682 2004 797 2091 λάβοι·
816 2000 1033 2091 ύςκαὶπαρα-

68 2101 243 2190 γενόμενος
257 2110 377 2191 ἔλαβεν
392 2103 509 2193 αύτήν.
549 2113 735 2193 σφαγείσης
746 2106 784 2175 δὲ
797 2103 900 2193 αύτής
909 2102 1030 2194 Ἑκάβη
1042 2122 1074 2173 10

68 2203 280 2292 θεράπαιναν
293 2203 396 2294 αύτής
410 2206 699 2296 έπεμψεπαράτάς
714 2206 824 2294 άκτάς,
840 2205 925 2278 ὥστε
937 2204 1032 2297 ὕδωρ

70 2310 201 2377 ἐκεῖθεν
221 2315 427 2396 κομίσασθαι
447 2309 530 2400 πρὸς
551 2309 696 2400 λουτρὸν
716 2313 918 2398 Πολυξένης.
954 2301 1033 2398 εύρε

70 2409 104 2476 δέ
122 2411 335 2498 Πολύδωρον
356 2415 427 2481 ἐκεῖ
443 2419 616 2500 κείμενον,
646 2409 687 2482 ὃν
707 2409 725 2481 ὁ
753 2410 861 2501 πατὴρ
880 2419 1033 2501 Πρίαμος

69 2510 147 2597 μετὰ
168 2521 299 2582 πολλοῦ
318 2522 447 2603 χρυσοῦ
469 2521 595 2603 ἔπεμψε
615 2513 699 2603 πρὸς
710 2511 959 2603 Πολυμήστορα
972 2513 1033 2582 λά-

69 2623 152 2705 θρηι,
167 2610 204 2694 ὃς
218 2617 291 2684 ἐπεὶ
305 2612 454 2685 ἁλοῦσαν
468 2616 529 2705 τήν
547 2625 674 2706 Τροίαν
694 2625 798 2704 ἔγνω,
820 2616 948 2704 σφάξας
968 2613 1032 2685 αύ-
1043 2637 1074 2688 15

70 2713 125 2784 τὸν
139 2723 279 2806 ἔρριψεν
294 2721 331 2786 ἐν
344 2727 384 2808 πή
398 2719 563 2810 θαλάσση,
580 2716 624 2799 ως
639 2714 681 2787 άν
695 2716 797 2799 αύτός
810 2725 868 2808 ἔχη
882 2716 942 2787 τὸν
948 2745 1033 2809 χρυ-

70 2817 137 2886 σόν.
167 2815 212 2898 ὡς
226 2811 291 2888 ούν
305 2828 427 2890 τοῦτον
443 2813 577 2908 εύρενή
593 2821 716 2910 δούλη,
731 2818 915 2908 ἀνελομένη
934 2828 1033 2908 κομί-

69 2928 113 3004 ζει
129 2919 212 3006 πρὸς
222 2918 374 3010 Ἑκάβην.
400 2925 457 2991 καὶ
471 2922 747 3013 τόυΠολύδωρον
762 2929 891 3012 γνοῦσα
905 2920 1033 3004 ἀθλίως

70 3048 103 3090 τε
117 3030 191 3110 ἔσχε
205 3027 262 3092 καί
277 3021 367 3104 ὅπως
380 3022 555 3113 άμυνεῐται
576 3027 824 3116 Πολυμήστορα
848 3034 1033 3114 μηχανᾶται

72 3124 192 3194 τοιάδε.
221 3128 344 3213 πέμπει
357 3125 419 3215 τήν
433 3123 535 3215 αύτής
550 3129 678 3216 δούλην
693 3125 777 3220 πρὸς
790 3127 850 3197 τὸν
869 3127 1075 3226 Πολυμή-ἳο

70 3248 186 3316 στορα,
205 3225 311 3298 αύτόν
324 3256 360 3297 τε
382 3232 439 3298 καὶ
459 3228 620 3299 τὰτέκνα
641 3229 725 3317 πρὸς
745 3228 869 3319 ἑαυτήν
888 3257 1034 3318 μετακα-

70 3331 223 3418 λουμένη.
253 3321 352 3412 ούτος
364 3331 426 3419 μὲν
440 3322 504 3401 ούν
524 3330 607 3420 μετά
626 3339 696 3401 τῶν
715 3338 847 3402 παίδων
866 3330 949 3419 πρὸς
969 3327 1034 3399 αύ-

71 3428 129 3518 τήν
142 3428 346 3518 ἀφικνεῖται.
377 3430 497 3522 Ἑκάβη
513 3434 551 3503 δὲ
569 3432 653 3523 πρὸς
673 3431 778 3503 αὐτὸν
792 3432 915 3502 τούτου
935 3431 1034 3521 χάριν

72 3537 133 3622 ἔφη
152 3537 368 3624 κεκληκέναι,
397 3540 453 3604 ἵνα
472 3543 600 3625 χρυσοῦ
620 3533 818 3625 θησαυρούς
843 3537 1034 3627 κεκρυμμέ·

412 3647 420 3677 ι
