2517 3934
187 203 250 265 3³0

431 202 639 261 ΗΡΑΚΛΗΣ
656 202 745 259 MAI
749 200 966 261 ΝΟΜΕΝΟΣ

305 374 387 460 ἐροῦ
399 366 467 438 τίν’
484 365 576 456 ἄνδρ’
593 364 731 457 ἄριστον
745 372 936 457 ἐγκρίνειαν
952 363 996 435 ἀν

304 468 325 560 ἢ
340 469 382 541 ού
396 477 501 542 παῖδα
516 469 577 539 τὸν
591 470 684 557 ἐμόν,
701 464 801 539 δασύ
816 468 882 557 φης
897 470 985 538 εἶναι
1000 474 1130 540 δοκεῖν.

301 581 443 663 Δίρφυν
457 570 489 642 δ’
506 577 641 661 ἐρωτῶν
655 569 677 659 ἥ
692 566 719 641 σ’
734 570 849 661 ἔθρεψ’
861 568 1055 660 Ἀβαντίδα,
1157 588 1205 643 185

305 672 369 745 ούκ
384 672 426 744 ἀν
443 672 476 744 σ’
492 676 716 743 ἐπαινέσειεν·
740 671 782 742 ού
797 673 861 763 γδιρ
876 671 954 743 ἐσθ’
970 670 1060 744 ὅπου

304 777 430 847 ἐσθλόν
443 804 475 845 τι
490 777 615 865 δράσας
629 773 768 864 μάρτυρ’
786 770 829 843 ἀν
843 777 958 865 λάβοις
972 776 1117 867 πάτραν.

302 878 339 948 τδ
354 880 529 966 πάνσοφον
543 875 575 946 δ’
593 874 739 966 εὕρημα,
754 878 876 966 τοξήρη
889 877 1009 966 σάγην,

302 983 440 1070 μέμφει·
461 979 575 1048 κλύων
587 986 655 1050 νύν
668 975 747 1048 τάπ’
763 980 847 1066 ἐμοῦ
860 978 968 1068 σοφὸς
980 988 1098 1067 γενοῦ.

303 1080 389 1171 ἀνὴρ
404 1078 540 1168 ὁπλίτης
554 1079 677 1161 δοῦλός
690 1084 760 1150 ἐστι
773 1088 842 1149 τοῖν
857 1077 973 1150 ὅπλων
1155 1098 1203 1154 190

301 1179 366 1250 κάν
382 1197 467 1251 τοῖσι
485 1192 725 1269 συνταχθεῖσιν
743 1176 820 1251 ούσι
836 1180 881 1269 μὴ
899 1177 1045 1265 ἀγαθοῖς

301 1279 403 1364 αύτδς
416 1286 562 1371 τέθνηκε
575 1287 687 1373 δειλίᾳ
699 1289 740 1371 τῇ
753 1290 822 1351 τῶν
837 1284 947 1370 πέλας,

302 1384 457 1475 θραύσας
473 1412 510 1453 τε
523 1384 648 1473 λόγχην
662 1382 725 1452 ούκ
741 1391 808 1470 ἔχει
821 1392 868 1475 τῷ
885 1384 1015 1473 σάματι

303 1486 455 1555 θάνατον
470 1484 604 1574 ἀμύναι,
620 1494 702 1574 μίαν
716 1493 801 1573 ἔχων
815 1483 923 1574 ἀλκὴν
937 1488 1061 1575 μόνον·

305 1584 378 1656 ὅσοι
392 1587 431 1655 δὲ
443 1587 550 1669 τόξοις
565 1584 645 1676 χεῖρ’
662 1595 797 1674 ἐχονσιν
812 1584 984 1676 εύστοχον,
1152 1607 1200 1661 195

304 1695 342 1757 ἓν
355 1688 417 1776 μὲν
431 1686 468 1758 τό
483 1696 622 1779 λῷστον,
640 1696 784 1777 μυρίους
799 1690 932 1771 οἰστούς
947 1688 1047 1780 ἀφεῖς

304 1787 417 1870 ἀλλοις
431 1788 468 1858 τδ
484 1798 578 1878 σῶμα
593 1791 707 1879 ῥύεται
723 1790 768 1879 μὴ
782 1802 978 1881 κατθανεῖν,

303 1889 381 1971 ἑκάς
395 1890 427 1961 δ’
445 1889 598 1980 ἀφεστώς
612 1900 792 1981 πολεμίους
807 1891 970 1981 ἀμύνεται

302 2001 444 2081 τυφλοῖς
458 1990 607 2082 ὁρῶντας
622 1993 765 2074 οὐτάσας
778 1995 966 2084 τοξεύμασι,

302 2094 341 2165 τὸ
357 2096 453 2184 σῶμά
468 2092 500 2163 τ’
517 2093 558 2165 ού
577 2103 697 2166 δίδωσι
713 2113 784 2177 τοῖς
797 2101 973 2185 ἐναντίοις,
1149 2119 1202 2170 200

304 2202 341 2267 ἐν
356 2195 556 2289 εὐφυλάκτῳ
571 2196 604 2267 δ’
621 2202 707 2268 ἐστί·
721 2206 821 2268 τοῦτο
835 2197 867 2267 δ’
885 2204 922 2269 ἐν
935 2201 1024 2291 μάχη

302 2298 413 2388 σοφὸν
427 2301 584 2389 μάλιστα,
600 2306 735 2390 δρῶντα
748 2308 928 2390 πολεμίους
941 2310 1054 2385 κακῶς

302 2402 420 2486 στάζειν
433 2402 471 2473 τό
485 2409 596 2491 σῶμα,
612 2402 657 2491 μὴ
666 2407 703 2471 ἐκ
716 2403 817 2490 τύχης
831 2399 1074 2493 δρμισμέυους.

301 2504 397 2594 λόγοι
411 2506 473 2593 μὲν
487 2508 558 2573 οἵδε
571 2521 658 2574 τοῖσι
672 2521 743 2585 σοῖς
757 2507 914 2576 ἐναντίαν
1255 2575 1256 2596 ,

299 2601 450 2695 [γνύμην
463 2613 577 2695 ἔχουσι
589 2616 659 2677 τοῖν
675 2610 899 2677 καθεστώτων
911 2614 1006 2694 πίρι1.
1151 2629 1202 2681 ²05
1255 2603 1256 2610 ἐ

302 2717 423 2792 παῖδας
437 2713 475 2781 δὲ
490 2708 532 2797 δὴ
547 2717 582 2778 τί
593 2707 709 2780 τούσδ’
726 2706 921 2780 ἀποκτεῖναι
933 2715 1067 2795 θέλεις;

301 2821 336 2882 τί
348 2811 380 2882 σ’
397 2811 463 2884 οἵδ’
481 2818 644 2901 ἐδρασαυ;
662 2817 700 2882 ἕν
715 2820 752 2882 τί
761 2810 792 2880 σ’
812 2810 958 2901 ἡγοῦμαι
972 2810 1094 2902 σοφόν,

302 2922 333 2985 εί
345 2923 414 2985 τῶν
427 2914 574 3006 ἀρίστων
589 2911 722 3004 τᾶκγον’
740 2912 842 2995 αύτδς
856 2911 905 2983 σόν
919 2914 1021 2997 κακός

303 3021 467 3100 δέδοικας.
490 3014 574 3088 ἀλλὰ
589 3013 689 3088 τοῦθ’
705 3013 794 3105 ὅμως
807 3014 888 3105 ἡμῖν
902 3018 1001 3107 βαρύ,

300 3129 332 3193 εί
344 3128 471 3202 δειλίας
484 3127 544 3208 σῆς
558 3116 814 3209 κατθανούμεθ’
832 3125 961 3209 εἵνεκα,
1151 3139 1201 3191 210

227 3256 273 3320 χχ
299 3223 319 3298 δ
332 3233 418 3317 χρῆν
432 3222 464 3295 σ’
481 3220 650 3325 ἀφ’-ἡμῶν
664 3230 732 3293 τῶν
747 3219 936 3311 ἀμεινόνων
950 3232 1088 3311 παθεῖν,

247 3323 255 3345 Ν

301 3338 332 3400 εί
343 3329 429 3411 Ζεύς
444 3336 575 3408 δικαίας
590 3326 678 3413 εἶχεν
693 3331 739 3406 εἰς
752 3322 838 3414 ἡμᾶς
851 3327 988 3413 φρένας.

301 3438 333 3500 εί
344 3428 378 3499 δ’
395 3422 459 3500 ούν
474 3437 562 3517 ἔχειν
579 3436 640 3516 γῆς
654 3433 804 3513 σκῆπτρα
817 3422 915 3512 τῆσδ’
931 3422 1033 3504 αύτδς
1047 3428 1176 3513 θέλεις,

300 3538 401 3600 ἔασον
414 3528 499 3618 ἡμᾶς
513 3527 669 3617 φυγάδας
685 3533 834 3607 ἐξελθεῖν
848 3527 987 3612 χθονός·
