2517 3934
492 189 719 246 ΑΛΚΗΣΤΙΣ

196 355 239 428 οά
253 365 325 446 βίος
339 354 476 446 άληθῶς
490 355 508 428 6
522 366 610 446 βιος,
626 356 711 427 άλλά
725 361 895 450 συμφορά.

78 469 149 530 ΘΕ.
193 458 420 546 ἐπιστάμεσθα
435 467 554 529 ταῦτα·
572 468 639 528 νῦν
653 461 691 531 δὲ
705 462 898 552 πράσσομεν

196 559 259 649 οὐχ
272 557 326 631 οἷα
339 561 454 649 κάμον
473 564 529 631 καλ
542 563 684 649 γέλωτος
698 560 782 646 άξια.

78 672 150 733 ΗΡ.
193 661 280 751 μονὴ
294 660 659 753 δυραῑοςὴθανοῦσα·
673 663 718 752 μὴ
735 673 811 735 λίαν
1034 682 1085 740 805

196 768 332 834 πένθει·
349 767 464 852 δόμων
477 764 541 854 γάρ
556 774 635 849 ζῶσι
650 773 757 837 τῶνδε
772 766 940 837 δεσπόται.

78 877 149 937 ΘΕ.
190 875 226 936 τί
236 874 354 952 gaiam
370 864 411 937 06
425 866 590 937 κάτοισθα
603 865 666 936 τάν
681 868 797 957 δόμοις
810 868 914 952 κακάς

78 978 150 1039 ΗΡ.
194 977 225 1039 ελ
236 969 281 1057 μή
295 997 326 1038 τι
339 968 396 1050 σός
409 996 450 1056 με
465 969 627 1058 δεσπότης
642 972 815 1052 ἐψεύσατο.

79 1079 149 1140 ΘΕ.
191 1069 277 1159 άμαν
290 1071 417 1152 ἐκεῖνός
430 1068 492 1140 ἐστ’
511 1069 598 1160 άμαν
612 1073 795 1161 φιλόξενος.
1038 1112 1088 1163 809

78 1185 150 1246 ΗΡ.
190 1182 266 1262 μων
283 1176 458 1266 ξυμφοράν
474 1175 538 1245 τιν’
557 1171 665 1248 οὖσαν
684 1175 747 1247 οάκ
764 1181 886 1269 ἔφραζέ
899 1208 972 1269 μοις
1037 1199 1087 1252 812

78 1285 148 1347 ΘΕ.
192 1283 321 1363 χαίρων
339 1270 409 1344 ἴθ’·
427 1274 509 1364 ἡμῖν
528 1283 699 1348 δεσποτῶν
715 1281 806 1367 μέλει
822 1281 917 1350 καιιά.
1036 1299 1086 1352 818

79 1385 150 1448 ΗΡ.
193 1370 359 1499 οάχρῆνμ
365 1372 568 1464 ὀᾋνείονμ
575 1372 716 1450 εἵνεκεν
726 1381 865 1468 πασχειν
874 1409 1013 1470 νεκρον
1035 1399 1087 1454 810

77 1485 147 1546 ΘΕ.
190 1466 333 1563 ἦκάρτα
349 1478 460 1564 μέντοι
475 1479 532 1545 καὶ
542 1485 626 1547 λίαν
643 1474 802 1561 οἰκεῖος
780 1509 834 1568 ην.
1036 1501 1083 1553 811

75 1586 148 1646 ΗΡ.
190 1574 242 1646 ὅδ’
258 1573 300 1645 οὐ
313 1585 470 1667 θυραίων
484 1578 644 1666 πημάτων
658 1574 751 1668 άρχει
769 1579 876 1668 λόγος.

77 1689 146 1749 ΘΕ.
188 1677 229 1748 06
244 1679 308 1804 γάρ
322 1707 352 1748 τι
369 1675 589 1766 κωμάζοντ’
567 1709 610 1748 αν
626 1677 828 1769 ἠχθόμηνσ’
846 1677 945 1769 ὁρων.
1031 1696 1081 1752 818

76 1779 161 1866 [ΗΡ.
190 1778 258 1849 ἀλλ’
276 1771 470 1879 ἦπέπονδα
485 1778 602 1851 δείν’
583 1809 649 1851 υπο
637 1780 800 1864 ξένωνέ
800 1811 891 1870 μωνς
926 1800 943 1870 ss

77 1889 145 1950 ΘΕ.
189 1881 253 1951 οὐκ
268 1875 372 1971 ἦλθες
387 1887 424 1952 ἐν
437 1886 547 1953 δέοντι
561 1887 721 1966 δέξασθαι
736 1885 861 1972 δόμοις

189 1989 315 2067 πένθος
338 1984 403 2074 γάρ
419 1982 498 2073 ἡμῖν
513 1990 590 2055 ἐστι·
605 1989 662 2055 καλ
676 1985 805 2075 κουράν
818 1989 951 2075 βλέπεις

191 2088 448 2174 μελαμπέπλονς
467 2087 632 2175 στολμούς
652 2115 698 2158 τε.
739 2097 810 2157 ΗΡ.
833 2095 883 2170 τίς
903 2085 974 2158 δ
959 2116 977 2157 ο
999 2117 1079 2158 κατ-

531 2183 684 2280 θανῶνς]

75 2307 143 2368 ΗΡ,
190 2296 265 2376 μων
277 2286 300 2377 ἢ
312 2292 442 2359 τέκνων
454 2318 485 2359 τι
499 2297 655 2380 φροῦδον
668 2287 690 2380 ἢ
703 2291 810 2382 πατὴρ
825 2296 952 2382 μέρωνς
1028 2307 1079 2362 8811

76 2398 143 2458 ΘΕ.
184 2390 272 2478 μονὴ
287 2392 349 2478 μὲν
364 2383 428 2461 οὖν
440 2389 570 2463 ὄλωλεν
579 2391 762 2481 Ἀδμήτου,
778 2398 860 2477 ξένε.

74 2499 145 2560 ΗΡ.
186 2499 222 2560 τί
232 2492 316 2582 φήςς
331 2500 444 2563 ἔπειτα
459 2496 543 2582 δῆτά
556 2492 586 2583 μ’
604 2499 778 2579 λξενίζετες

74 2601 143 2661 ΘΕ.
182 2591 353 2684 ᾐδεῖτο’
310 2624 374 2683 γαρ
389 2618 427 2665 σε
442 2595 544 2665 τωνδ’
561 2595 762 2722 άπάσασδριι
777 2597 900 2766 δόμων

74 2805 143 2864 ΘΕ
186 2795 412 2886 ἀπωλόμεσθα
426 2798 564 2887 πάντες,
581 2798 622 2868 06
637 2799 733 2888 κείνη
747 2801 843 2890 μάνη.
950 2844 954 2853 -
1025 2817 1077 2872 815

74 2906 143 2966 ΗΡ.
185 2896 254 2967 ἀλλ’
269 2897 427 2990 ᾐσθόμην
440 2899 535 2989 μὲν”
515 2931 582 3026 ρμμ
580 2900 691 2971 ’λδιδν
705 2908 942 2993 δακρνρροοῦν

188 3001 319 3089 κουράν
332 3030 367 3071 τε
384 3006 442 3072 καλ
459 3005 658 3095 πρόσωπον·
683 3001 751 3074 άλλ’
769 3007 887 3075 ἔπειθέ
901 3035 941 3094 με

186 3105 297 3191 λέγων
309 3115 458 3194 θυραῖον
471 3112 572 3194 κῆδος
587 3113 634 3186 εἰς
648 3107 757 3195 τάφον
771 3111 899 3198 φέρειν.

186 3212 246 3297 βίᾳ
263 3205 302 3275 δὲ
315 3215 433 3294 θυμοῦ
446 3205 541 3276 τάσδ’
561 3206 765 3299 ὑπερβαλὼν
779 3209 886 3290 πάλας

188 3314 307 3377 ἔπινον
321 3306 446 3398 άνδρός
460 3313 497 3378 ἐν
512 3314 690 3398 φιλοξένον
706 3311 819 3400 δόμοις
1024 3326 1076 3381 888

186 3406 394 3498 πράσσοντος
407 3407 507 3480 οὕτω.
535 3404 619 3504 κᾷτα
634 3414 771 3501 κωμάζω
786 3413 871 3502 κάρα

186 3512 367 3600 στεφάνοις
380 3521 586 3598 πνκασδείςς
605 3511 690 3584 άλλά
704 3521 767 3584 σοῦ
781 3512 818 3583 τὸ
835 3512 880 3604 μὴ
896 3513 1032 3603 φράσαι,
