2517 3934
488 207 695 286 τεειτιιιε
1027 203 1089 269 σοι

200 379 264 466 έγώ
277 383 313 448 δέ
324 378 367 467 «ί,
381 366 408 445 τό
423 391 500 462 παῖ,
515 383 630 464 πρῶτα
648 376 710 464 μέν
723 374 763 445 τά
776 383 845 445 τῶν
858 381 952 445 θεῶν

198 495 337 549 σκοπεῖν
350 478 478 548 κελεύω
491 476 537 566 μῆ
552 486 683 568 σφαλῇς
694 474 869 566 ἀτιμάσας·
955 525 958 531 -

200 582 341 668 σφάλλει
353 580 417 666 γάρ
429 584 467 647 έν
477 584 586 669 τοότφ
598 582 702 669 μόνῳ,
727 576 821 650 πάλλ’
838 570 878 649 εὖ
893 586 1042 671 φρονῶν.

200 682 283 772 πρὸς
297 689 409 753 τοῖσδε
423 678 468 770 δ’,
484 687 516 751 εί
526 681 589 770 μὲν
604 681 649 770 μῆ
664 679 898 771 ἀδικουμένοις
911 687 1012 771 έχρῆν

197 784 364 874 τολμηρὸν
379 784 481 871 εἶναι,
495 781 591 872 κάρτ’
609 779 652 854 ἀν
668 784 758 872 είχον
771 782 918 873 ἡσύχως·
1038 801 1090 857 305

197 890 277 957 νυνὶ
292 888 330 956 δὲ
343 894 400 957 σοί
409 914 446 955 τε
461 894 559 956 τοῦτο
574 884 636 970 τῆν
650 886 750 975 τιμῆν
765 890 863 977 φέρει

200 986 299 1076 κάμοὶ
314 1004 492 1079 παραινεῖν
505 985 548 1057 οό
562 988 673 1077 φόβον
687 992 801 1077 φέρει,
816 991 946 1076 τέκνον,

200 1088 325 1180 ἀνδρας
338 1099 470 1178 βιαίους
484 1093 541 1160 καὶ
556 1098 792 1179 κατείργοντας
805 1090 949 1178 νεκροάς

199 1194 309 1281 τάφου
322 1222 358 1263 τε
371 1200 489 1282 μοίρας
501 1196 559 1262 καὶ
571 1193 800 1282 κτερισμάτων
813 1202 927 1280 λαχεῖν

198 1299 258 1389 [είς
273 1297 368 1385 τήνδ’
387 1297 538 1384 ἀνάγκην
555 1302 599 1385 σῆ
617 1304 818 1382 καταστῆναι
835 1302 909 1384 χερί
913 1292 936 1381 ,]
1038 1313 1091 1367 310

199 1397 323 1485 νόμιμά
339 1425 375 1466 τε
387 1396 494 1482 πάσης
508 1399 709 1485 συγχέοντας
719 1394 874 1477 Ἑλλάδος

200 1508 342 1570 παῦσαι·
358 1498 395 1568 τὸ
410 1500 474 1588 γάρ
488 1527 540 1569 τοι
554 1501 698 1587 συνέχον
709 1496 905 1589 ἀνθρώπων
919 1495 1031 1581 πόλεις

199 1598 290 1671 τοῦτ’
309 1598 398 1687 ἔσθ’,
413 1599 495 1671 ὅταν
508 1630 558 1681 τις
573 1600 652 1682 τούς
666 1600 792 1690 νόμους
806 1602 893 1691 σόζη
906 1610 1025 1684 καλῶς.

201 1709 273 1793 έρεῖ
283 1705 321 1773 δὲ
334 1705 377 1792 δή
390 1732 439 1784 τις
453 1700 497 1785 ὥς
510 1700 677 1795 ἀνανδρία
691 1711 810 1794 χερῶν,

202 1808 296 1877 πόλει
309 1806 418 1894 παρόν
432 1829 486 1877 σοι
499 1809 668 1894 στέφανον
683 1804 835 1887 εάκλείας
848 1814 975 1896 λαβεῖν,
1040 1823 1092 1879 315

200 1914 312 1989 δείσας
326 1907 484 1997 ἀπέστης,
500 1911 556 1977 καὶ
569 1908 651 1989 συὸς
669 1910 731 1997 μὲν
745 1906 867 1998 ἀγρίου

199 2008 329 2101 ἀγῶνος
342 2008 418 2100 ῆψω
433 2019 567 2100 φαῦλον
581 2008 733 2099 ἀθλήσας
747 2012 863 2098 πόνον,

199 2105 241 2182 οὗ
255 2111 288 2183 δ’
306 2120 352 2194 είς
365 2116 487 2202 κράνος
499 2116 671 2203 βλέψαντα
685 2116 741 2183 καὶ
755 2114 876 2202 λόγχης
890 2112 1000 2202 άκμῆν

198 2224 283 2305 χρῆν
297 2221 494 2305 ἐκπονῆσαι,
510 2214 620 2297 δειλὸς
637 2212 686 2285 ἀν
699 2219 898 2306 ἐφηυρέθης.

200 2317 245 2407 μή
260 2317 333 2408 δῆτ’
351 2320 428 2406 ε’μός
443 2315 477 2407 γ’
495 2316 560 2405 τόν,
576 2309 751 2407 ιότέκνον,
767 2318 892 2408 δράσης
905 2315 994 2389 τάδε.
1037 2336 1090 2391 330

200 2417 295 2512 ὁρᾷς,
311 2418 455 2509 ἀβουλος
470 2417 515 2502 ἀς
528 2424 795 2511 κεκερτομημένη

201 2539 269 2604 τοῖς
283 2530 484 2612 κερτομοῦσι
498 2521 625 2613 γοργὸν
639 2520 684 2603 ὡς
698 2521 880 2611 ἀναβλέπει

199 2624 240 2714 σῆ
254 2634 390 2716 πατρίς;
405 2630 442 2695 έν
459 2623 523 2715 γάρ
537 2641 607 2705 τοῖς
623 2626 778 2696 πόνοισιν
791 2622 941 2708 αὔξεται·

198 2733 237 2797 αί
247 2725 280 2797 δ’
296 2726 414 2816 ῆσυχοι
428 2726 583 2798 σκοτεινά
595 2729 804 2817 πράσσουσαι
817 2729 930 2808 πόλεις

198 2830 351 2900 σκοτεινά
364 2833 421 2900 καὶ
431 2834 616 2920 βλέπουσιν
629 2826 886 2918 εὐλαβούμεναι.
1038 2846 1089 2902 336

198 2930 261 3002 οάκ
276 2933 307 3003 εί
317 2948 467 3022 νεκροῖσι
483 2935 540 3003 καὶ
554 2935 709 3020 γυναιξὶν
725 2929 861 3013 ἀθλίαις

198 3036 487 3124 προσωφελήσων,
503 3026 530 3104 ό
544 3038 680 3122 τέκνον,
695 3038 929 3124 κεχρῆμέναις;

199 3134 243 3217 ἀς
259 3134 338 3207 οὔτε
351 3145 464 3226 ταρβῶ
481 3136 547 3207 σάν
561 3144 640 3227 δίκη
654 3134 687 3207 σ’
704 3134 912 3227 ὁρμώμενον,

199 3240 341 3328 Κάδμου
354 3237 393 3310 θ’
411 3237 523 3327 δρῶσα
536 3238 619 3309 λαὸν
635 3230 675 3309 εὖ
689 3241 892 3329 πεπραγότα,

198 3340 245 3412 ἔτ’
261 3339 367 3413 αότόν
380 3340 463 3414 ἀλλα
476 3339 616 3431 βλήματ’
634 3345 671 3411 έν
685 3342 803 3429 κύβοις
820 3348 936 3429 βαλεῖν
1038 3354 1090 3411 330

200 3441 339 3515 πέποιθ’
353 3470 360 3485 ·
378 3442 397 3515 ὁ
411 3443 476 3534 γάρ
490 3444 571 3525 θεὸς
585 3441 684 3513 πάντ’
700 3440 903 3532 ἀναστρέφει
918 3441 1029 3511 πάλιν.

83 3552 156 3615 XO.
197 3537 224 3615 ά
238 3546 379 3637 φιλτάτη
393 3575 467 3637 μοι,
482 3549 571 3641 τῷδέ
581 3542 612 3615 τ’
629 3556 765 3636 είρηκας
777 3553 887 3626 καλῶς
