2517 3934
388 218 438 268 Du
458 218 645 271 EVRIPIDIS
663 219 770 272 POESI
970 219 1075 272 xxrtl

83 387 134 431 cas
156 387 216 430 noo
240 371 330 431 sulsse
352 378 466 431 certum
490 371 629 433 arbitror.
667 389 727 433 oon
749 373 839 434 uolua
866 373 1010 452 cuiusque
1033 380 1076 432 te·

83 454 228 532 tralegiae
257 464 393 534 quartum
427 455 527 516 drama
557 457 650 517 luisse
682 458 844 534 satyricum
873 456 960 517 docet
988 473 1075 533 argu·

82 547 218 600 mentum
235 535 450 618 Alcestidis³⁹lt
477 539 554 600 unde
575 543 716 619 pauciora
734 540 866 600 dramata
888 541 1015 618 satyrIca
1038 539 1076 600 ah

82 623 229 700 Euripide
256 626 368 700 scripta
392 641 456 684 esse
489 640 576 700 quam
610 643 666 703 pro
699 623 921 700 tragoediarum
951 641 1077 685 nurrtero

82 708 261 784 expectaris.
285 725 346 767 nou
369 709 515 783 estquod
539 710 690 769 miremur.
736 709 773 768 de
796 708 988 784 chronologia
1016 718 1076 768 tra·

80 791 257 868 goediarum
282 791 509 870 Euripidearum
534 792 607 852 adeo
635 810 702 851 rara
724 799 794 852 eunt
817 800 847 853 et
869 809 972 852 manca
996 793 1076 851 teati-

82 877 196 943 mooia,
220 883 251 934 ut
274 874 484 954 plerarumque
506 884 585 937 aetas
608 876 694 936 nobis
715 879 816 952 ignota
838 877 885 937 sit.
923 892 1021 951 neque
1044 878 1077 936 in

81 961 185 1019 animo
208 967 252 1018 est
267 961 453 1020 coniecturas
475 960 561 1019 eade
579 978 612 1019 re
635 961 798 1039 periclitari
813 962 915 1037 utique
936 959 1077 1021 lubricas.

80 1044 122 1104 ab
144 1043 297 1103 veterIbus
320 1051 416 1104 autem
440 1044 513 1103 haee
535 1043 593 1102 sola
618 1046 804 1120 accepimus:

128 1128 239 1205 olymp.
265 1131 320 1196 81,
352 1133 367 1185 1
399 1127 539 1187 archonte
567 1127 657 1188 Callia
685 1126 814 1187 Πελιάσι
840 1130 961 1188 tertium
990 1145 1078 1206 prae·

174 1213 266 1270 mlum
290 1218 375 1289 pocta
398 1208 520 1291 tulit40).

127 1296 167 1356 ol.
194 1298 250 1363 85,
282 1297 299 1352 2
328 1295 469 1354 archonte
492 1294 638 1356 Glaucino
667 1294 727 1370 (vel
754 1293 911 1372 Glaucldo)
941 1292 1095 1372 δεύτερος.

172 1377 341 1456 Εὐριπίδης
373 1378 543 1457 Κρήσσαις,
574 1375 736 1456 Ἀλκμέωνα
767 1385 808 1462 apl
839 1375 889 1437 tad
922 1378 1078 1456 Ψωφῖδος,

175 1459 309 1544 Τηλέφῳ,
330 1459 508 1540 ’Amenda

126 1547 168 1607 ol.
194 1551 249 1614 87,
276 1553 291 1606 1
322 1547 462 1608 archonte
489 1546 659 1625 Pythodoro
680 1546 775 1626 τρίτος
805 1542 973 1624 Εὐριπίδης
1004 1549 1078 1625 Moy-

171 1629 251 1712 dala,
273 1630 449 1712 Φιλοκτήτῃ,
473 1633 587 1705 Alerni,
613 1630 768 1710 Θερισσαῖς
790 1631 937 1708 σατύροις.

128 1714 171 1775 ol.
197 1718 247 1787 87,
269 1719 289 1774 4
312 1715 453 1776 archonte
475 1715 658 1793 Epaminone
680 1723 795 1795 πρῶτος
816 1712 984 1795 Εὐριπίδης
1007 1715 1078 1794 liip-

297 1818 331 1860 su
354 1796 511 1860 erstite⁴¹.

130 1799 292 1952 ohpglzmi
317 1819 468 1961 (aprchonte
490 1800 668 1957 {Irimnestol
691 1881 827 1962 δεύτερος
849 1878 1017 1961 Εαίρανίδης
1039 1873 1080 1959 ἦν

171 1961 355 2048 Ἀλεξάνδρῳ
381 1965 432 2027 καὶ
458 1966 627 2050 Παλαμήὸῃ
655 1966 707 2034 καὶ
723 1966 847 2049 &offla
873 1965 925 2027 καὶ
951 1964 1080 2048 Σισύφῳ

178 2059 327 2133 σατυρικῷ
335 2048 381 2126 ⁴²).

131 2135 251 2202 otili,
281 2137 301 2194 4
334 2135 477 2196 archonte
509 2135 659 2198 Cleocrito
685 2134 873 2198 Andromeda
906 2141 936 2193 et
966 2132 1079 2212 fleleua

179 2219 275 2279 editae
298 2216 421 2296 sunl⁴³),

132 2302 172 2363 ol.
197 2305 247 2376 92,
271 2305 292 2362 4
315 2303 415 2365 Diocle
437 2304 579 2366 archonte
602 2304 724 2380 (lffitea
745 2303 822 2379 (ride
844 2310 905 2363 not.
929 2297 995 2380 27).

85 2391 242 2449 Incertum
270 2405 329 2465 quo
357 2407 434 2448 anno
468 2391 643 2448 coniunctae
675 2390 705 2448 in
734 2404 872 2450 scaenam
903 2386 1082 2464 prodierunt

85 2469 252 2548 Οἰνόμαος,
268 2470 456 2550 Χρύσιππος,
472 2470 691 2550 dolorosam:
714 2474 784 2530 item
807 2470 895 2550 paulo
918 2479 985 2549 post
1000 2488 1080 2528 mor·

86 2565 151 2616 tem
176 2563 280 2633 poetae
302 2555 358 2616 sub
380 2556 489 2634 olymp.
513 2561 552 2618 93
576 2559 664 2617 sortem
682 2549 1081 2633 ’IpnyetoMnAEffik

84 2635 240 2715 Ἀλκμέων
262 2633 288 2712 (ὁ
310 2637 360 2698 ded
383 2641 559 2720 Κορίνθου),
583 2639 698 2718 ῌᾴαχαι
721 2638 796 2716 (ride
819 2645 879 2698 uel.
904 2638 965 2714 25).
1107 2630 1114 2641 ’

161 2773 205 2831 39)
225 2772 297 2821 Hinc
314 2777 393 2836 patet
412 2773 474 2823 falli
492 2772 653 2822 Elmsle‘urm
672 2773 701 2820 in
719 2771 784 2820 Eur.
804 2771 877 2819 Med.
897 2785 922 2833 p.
940 2771 982 2832 tl,
1003 2771 1082 2819 cuiue

87 2839 163 2888 haec
176 2843 241 2887 eunt
252 2841 350 2892 verba:
370 2842 414 2889 ‘io
434 2839 591 2904 tetralogiis
606 2838 699 2887 XXIII
716 2837 878 2899 tragoediae
890 2842 970 2886 erant
982 2837 1081 2898 LXIX,

87 2919 163 2969 quau
176 2910 225 2953 aut
237 2921 330 2956 omnes
343 2914 391 2956 aut
404 2907 549 2972 plerasque
563 2914 689 2956 servatas
707 2904 781 2954 haud
798 2904 910 2955 infitior.
941 2903 990 2954 sed
1003 2912 1080 2964 saty-

89 2974 168 3021 ricae
181 2970 327 3037 pleraeque
341 2977 489 3036 perierant,
504 2979 566 3024 octo
576 2973 651 3023 solae
663 2975 805 3024 extabant.
827 2968 981 3038 tragoedus
992 2972 1081 3023 LXIX

89 3039 166 3089 adde
185 3041 322 3101 satyricae
336 3041 408 3100 VIII,
429 3047 457 3092 et
475 3041 586 3090 fabulas
605 3040 721 3092 habebis
733 3041 869 3100 LXXVII,
889 3047 956 3106 quot
974 3039 1081 3090 ecilicel

86 3105 158 3158 olim
178 3107 304 3157 extitisse
324 3110 435 3157 tradunt
453 3107 597 3163 nonnulli!

161 3171 204 3232 40)
223 3174 278 3225 Vit.
298 3175 362 3223 Eur.
380 3191 419 3226 va.
440 3179 480 3226 32.

162 3238 206 3300 41)
224 3240 335 3304 Argum.
353 3242 418 3293 Eur.
438 3243 496 3291 Alc.
517 3243 587 3292 Med.
609 3245 692 3308 Hipp.

160 3305 205 3371 42)
223 3307 331 3358 helian.
344 3309 376 3358 V.
391 3311 425 3358 H.
440 3311 464 3372 2,
479 3312 502 3360 8.
539 3309 572 3360 de
591 3327 663 3361 anno
684 3325 736 3373 quo
749 3308 886 3358 Troadum
904 3305 1002 3356 fabula
1015 3310 1081 3356 aeta

88 3374 130 3424 sit
149 3373 184 3489 οἱ.
204 3373 295 3426 Schol.
314 3378 359 3426 Ar.
378 3377 459 3440 Vesp.
480 3378 545 3427 1326
564 3379 744 3438 etAv.1'l·20,
765 3375 799 3424 de
818 3373 969 3424 Palamede
988 3369 1082 3422 Schol.

90 3443 138 3492 Ar.
184 3456 208 3490 v.
227 3443 286 3492 842.
352 3452 354 3460 ·

161 3509 206 3564 43)
225 3507 315 3558 Schol.
335 3509 381 3559 Ar.
401 3510 508 3563 Thesm,
529 3507 734 3561 10120t1060.

161 3574 204 3638 44)
221 3574 333 3642 Argum.
352 3579 417 3629 Eur.
436 3578 539 3628 Phoen.
