2517 3934
179 211 257 264 XLII
291 212 341 262 DE
361 207 555 262 OODIGIBVS
572 207 784 262 EVRIPIDEIS
802 208 851 258 ET
868 207 1110 260 nmrlonmvs

243 362 265 422 C
288 361 381 422 codex
403 361 581 423 Hanniensis
603 361 785 428 chartaceus,
811 358 930 420 easdem
952 358 1067 421 tabulas
1088 379 1122 421 ac
1144 359 1171 419 B

180 446 321 506 coutInet.
364 444 485 507 Hecuba
508 445 630 506 Orestes
652 445 834 506 Phoenissae
855 442 932 503 libro
954 443 1103 504 debentur
1122 444 1170 504 in-

179 528 340 608 terpolato,
371 538 489 590 ceterae
512 546 564 590 sex
587 529 703 590 fabulae
732 527 856 589 meliore
877 547 893 588 e
916 528 997 588 tonte
1019 528 1172 589 derivatae

179 621 258 684 sunt,
280 614 332 675 sed
354 613 548 673 librariorum
571 611 712 674 sordibus
733 613 843 692 passim
858 613 1084 672 contaminatae.
1113 615 1170 672 ita·

178 716 237 778 que
264 697 382 759 tametsi
410 714 631 775 nonnumquam
653 697 762 757 ceteris
783 695 938 757 codicibus
960 695 1100 756 omnibus
1120 696 1171 756 bic

180 781 257 843 liber
285 777 476 861 praestatlll,
505 797 611 858 magna
639 788 739 841 tamen
768 797 837 840 eum
866 782 1002 841 cantione
1024 779 1169 841 adhiben-

180 867 235 927 dus
257 873 311 926 est.

243 949 267 1008 l]
301 948 396 1008 codex
422 948 636 1008 Ambrosianus
670 947 866 1027 bombycinus
898 946 1010 1009 saeculi
1042 946 1096 1009 XII
1125 947 1170 1008 rel
1258 965 1259 986 ι

178 1030 253 1101 XIII,
277 1032 418 1093 Androm.
443 1035 566 1094 1-102
590 1040 619 1092 et
639 1031 728 1092 Ilbes.
744 1034 913 1094 sao—884
934 1033 1080 1093 continet:
1103 1030 1170 1091 vido

179 1116 287 1181 Maium
309 1117 340 1176 in
363 1116 534 1177 Buttmanni
556 1115 654 1177 Schol.
678 1116 783 1194 Odyss.
805 1134 835 1194 p.
859 1119 920 1178 582
943 1132 986 1193 sq.

242 1201 266 1260 Ε
289 1201 381 1262 codex
404 1201 555 1262 Parisinus
577 1203 660 1260 2712
688 1199 934 1261 membranaceus
961 1198 1073 1260 saecoli
1092 1198 1169 1268 XIII,

178 1294 297 1365 praeter
320 1285 475 1366 Sophoclis
498 1292 528 1347 et
554 1283 761 1364 Aristophanis
789 1283 903 1345 fabulas
930 1285 1062 1344 continet
1082 1283 1169 1344 Euri·

107 1367 110 1375 '
178 1369 256 1449 pidis
277 1368 347 1430 llec.
371 1369 421 1431 Or.
443 1369 555 1430 Phoen.
579 1367 670 1429 hndr.
693 1367 769 1429 Med.
793 1367 880 1464 Hipp.
904 1386 971 1428 cum
993 1364 1133 1443 glossis
1123 1385 1169 1428 ιιι-

179 1452 392 1514 terlinearibus
414 1460 443 1512 et
465 1451 585 1512 scholiis
606 1453 806 1528 pauclssimis;
828 1455 859 1511 iu
874 1451 1080 1513 Andromacha
1102 1451 1170 1512 dili·

178 1543 285 1612 genter
308 1534 430 1596 collatus
453 1555 469 1596 a
490 1536 654 1613 Lentlnglo‚
678 1538 785 1597 ceteris
805 1536 837 1595 in
860 1534 966 1596 labuIIs
988 1536 1096 1614 dignus
1119 1537 1171 1614 qui

179 1627 247 1700 post
267 1621 468 1697 blusgrarium
492 1628 521 1680 et
542 1619 724 1681 Brunchium
748 1623 917 1682 accuratius
938 1621 1120 1699 exploretur.

243 1703 266 1764 F
294 1705 387 1764 codex
408 1704 573 1764 Marcianus
595 1706 657 1765 468
680 1722 757 1765 saec.
783 1703 862 1773 XIV,
892 1706 1024 1764 continet
1049 1710 1171 1782 praeter

178 1787 235 1850 elia
257 1787 405 1867 Euripidis
427 1788 498 1848 Hec.
516 1787 566 1848 Or.
588 1787 699 1849 Phoen.
720 1787 797 1849 bled.
815 1790 927 1850 1-42.
950 1796 1054 1867 poetae
1076 1787 1170 1847 rerba

178 1873 360 1932 coniecturis
382 1875 476 1949 magis
498 1873 556 1932 iarn
577 1872 686 1932 iniecta
708 1880 785 1932 sunt.

245 1955 387 2018 Familiae
410 1955 556 2030 ciusdem,
580 1957 632 2016 scd
655 1955 811 2016 deterioris
832 1935 920 2016 notae
941 1955 1064 2015 bisunt
1085 1910 1170 2017 codi-

180 2057 238 2110 ces,
262 2041 387 2102 derivati
409 2058 425 2100 e
448 2039 525 2100 libro
540 2001 695 2118 byzantini
716 2041 902 2116 grammatici
923 2038 1079 2099 sedulitate
1101 2056 1170 2100 cor·

180 2131 278 2186 racto:

243 2228 261 2269 a
294 2207 388 2269 codex
415 2208 566 2269 Parisinus
594 2210 677 2268 2713
712 2207 957 2267 membranaceus
984 2224 1063 2267 saec.
1090 2205 1168 2277 XIII,

179 2294 338 2353 continens
360 2291 430 2352 lieo.
456 2291 504 2352 Or.
529 2291 641 2352 Phoen.
666 2291 753 2370 Hipp.
775 2290 851 2352 bled.
874 2289 935 2351 Alc.
959 2289 1051 2350 hndr.

246 2393 261 2434 c
284 2374 378 2434 codex
399 2373 586 2435 Florentinus
607 2373 710 2444 XXXI,
735 2378 775 2436 10
797 2375 973 2435 chartaceos
994 2390 1071 2435 saec.
1093 2372 1168 2443 xlv,

181 2468 301 2538 praeter
329 2458 509 2539 Sophocleas
535 2459 702 2535 tragoedias
736 2461 891 2519 continens
918 2457 1068 2536 EurIpidis
1094 2457 1168 2518 Hoc.

181 2543 232 2603 Or.
256 2542 333 2603 Med.
356 2542 467 2604 Phoen.
489 2542 551 2604 Alc.
575 2541 667 2603 Andr.
689 2541 793 2621 Hipp.,
823 2542 951 2622 denique
978 2541 1110 2603 Rhesum
1136 2543 1169 2603 iu

180 2628 238 2688 fine
261 2627 410 2690 mutilam:
433 2626 542 2688 librum
565 2625 690 2687 contulit
712 2627 748 2686 de
771 2623 914 2714 Furiam).

247 2712 380 2773 deodex
403 2711 482 2772 Flor.
505 2709 606 2780 XXXI,
632 2715 670 2772 15
694 2711 867 2770 chartaceus
889 2727 966 2771 saec.
989 2709 1049 2779 XV,
1072 2711 1170 2771 conti·

179 2805 399 2940 ἓὲηἰυῌῖἒιοιει
427 2796 481 2857 alia
510 2795 581 2856 Eur.
611 2795 698 2874 HIpp.
724 2795 802 2856 Med.
824 2793 887 2856 hlc.
910 2793 1016 2863 Andr„
1045 2793 1172 2855 contulit

247 3093 291 3159 90)
310 3095 444 3160 Exemplo
464 3095 548 3146 attuli
565 3096 594 3144 iu
613 3095 707 3160 Eurip.
726 3094 800 3148 stud.
817 3093 846 3146 11
863 3111 891 3160 p.
909 3097 950 3150 96.

247 3163 291 3227 91)
310 3165 353 3212 Ex
376 3163 428 3212 hoc
450 3162 521 3215 libro
545 3162 691 3212 didicimus
714 3161 895 3228 neglegenter
917 3161 1082 3226 descriptum
1105 3176 1172 3212 esse

180 3230 305 3282 codicem
319 3246 380 3280 eum
393 3245 472 3294 quem
486 3228 672 3280 Kirchboffius
689 3229 783 3280 littere
796 3233 812 3280 b
826 3230 965 3294 significat
976 3229 1172 3280 Florentinum

180 3297 278 3362 (Marc.
297 3297 358 3362 226)
377 3297 441 3347 olim
461 3297 495 3348 ob
514 3296 550 3348 Is.
562 3299 662 3349 Vossio
680 3302 841 3362 usurpatum
858 3299 888 3347 in
899 3299 968 3348 Hoc.
979 3297 1083 3350 Phoen.
1094 3296 1170 3346 Med.

178 3367 265 3430 Hipp.
283 3365 344 3418 Ale.
361 3365 444 3420 Andr,
463 3366 547 3416 Rhes.
565 3379 619 3415 non
637 3366 732 3415 insunt
749 3366 779 3415 in
791 3365 916 3416 codiceb
934 3365 1067 3430 Troades,
1087 3378 1172 3428 quem

179 3432 372 3498 fabulamque
391 3449 451 3484 eum
470 3434 540 3484 libro
560 3433 709 3484 contulerit
724 3434 759 3484 Is.
772 3434 897 3497 Vossius,
917 3432 1036 3482 nondum
1049 3434 1171 3482 constat.

178 3501 243 3619 {ide
266 3515 335 3564 quee
358 3502 428 3552 dixit
451 3502 521 3554 Rud.
541 3501 670 3552 Priuzius
691 3502 721 3552 iu
741 3500 833 3551 Jahrb.
854 3501 877 3563 s.
899 3501 993 3550 Pistor.
1018 3499 1073 3550 vol.
1091 3500 1125 3549 99
1142 3514 1172 3564 p.

197 3569 230 3618 60
247 3581 306 3634 sqq.
