2517 3934
575 174 740 233 BAKXAI

276 338 340 412 ὅτι
355 339 459 411 καλὸν
474 349 575 431 φίλον
594 340 655 411 άεί.

276 441 446 533 εὐδαίμων
459 445 521 532 μέν
535 440 571 524 ὁς
585 448 621 514 ἐκ
638 436 809 525 θαλάσσας

276 553 382 635 ἔφυγε
395 563 509 634 χεῖμα,
523 548 641 634 λιμένα
655 543 688 615 δ’
706 553 832 633 ἔκιχεν·

276 644 447 736 εὐδαίμων
465 644 495 716 δ’
513 644 549 727 ὁς
563 644 695 735 ὐπερθε
708 645 847 736 μόχθων

276 746 420 838 ἐγένεθ’·
436 752 532 838 ἕτερα
547 747 577 817 δ’
596 752 708 839 ἕτερος
722 752 839 839 ἕτερον

275 847 365 942 όλβω
379 853 435 919 καί
450 851 592 939 δυνάμει
606 858 792 940 παρῆλθεν.

274 959 392 1043 μυρίαι
407 953 444 1022 δὲ
457 958 629 1040 μορίοισιν

276 1052 316 1123 ἔτ’
336 1049 398 1123 είσ’
416 1057 563 1134 ἐλπίδες·
578 1046 613 1123 αἳ
626 1055 689 1142 μέν

274 1162 474 1225 τελευτῶσιν
488 1160 525 1225 ἐν
538 1153 627 1248 όλβω

274 1265 421 1346 βροτοῖς,
437 1257 470 1326 αἳ
486 1255 517 1326 δ’
535 1254 722 1346 άπέβησαν·

274 1357 311 1428 τὸ
327 1359 363 1428 δὲ
379 1357 445 1428 κατ’
461 1351 551 1448 ἦμαρ
566 1356 632 1451 ὁτςο
646 1364 754 1446 βίοτος

275 1457 462 1548 εὐδαίμων,
476 1469 655 1552 μακαρίζω.

212 1609 219 1623 ·
273 1563 311 1631 οὲ
324 1560 385 1631 τὸν
397 1562 578 1652 πρόθυμον
592 1559 671 1632 ὄνθ’
688 1558 710 1630 δι’
726 1559 770 1649 μὴ
784 1559 894 1651 χρεων
907 1558 992 1650 ὁρᾶν

272 1663 461 1733 σπεύδοντά
474 1661 498 1733 τ’
515 1661 747 1750 ἀσπούδαστα,
761 1666 899 1733 Πενθέα
913 1666 1011 1752 λέγω,

274 1768 360 1846 ἔξιθι
374 1766 519 1854 πάροιθε
532 1766 706 1854 δωμάτων,
721 1763 853 1853 όφθητί
862 1793 918 1854 μοι

274 1866 400 1955 σκευὴν
414 1866 573 1955 γυναικὸς
587 1868 747 1956 μαινάδος
762 1867 893 1956 Βάκχης
906 1874 1006 1955 ἔχων,
1106 1885 1162 1940 916

272 1968 394 2057 μητρός
411 1996 447 2038 τε
461 1977 518 2057 τῆς
532 1977 592 2056 σῆς
604 1972 661 2038 καί
675 1969 775 2056 λόχου
788 1969 1010 2049 κατάσκοπος·

272 2072 407 2158 πρέπεις
421 2070 458 2140 δὲ
472 2071 614 2159 Κάδμου
628 2073 829 2159 θυγατέρων
842 2069 977 2160 μορφὴν
990 2079 1061 2163 μιᾷ.

156 2176 229 2236 ΠΕ.
269 2174 326 2240 καί
339 2170 407 2259 μὴν
421 2169 504 2261 ὁρᾶν
517 2201 572 2261 μοι
588 2173 649 2242 δύο
664 2174 726 2261 μέν
738 2169 855 2260 ἡλίους
869 2179 974 2259 δοκῶ,
1015 2211 1018 2217 <

272 2271 388 2353 δισσάς
402 2274 439 2342 δέ
453 2274 567 2362 Θήβας
580 2277 637 2344 καλ
650 2272 779 2363 πόλισμ’
796 2275 1014 2362 ἑπτάστομον·

271 2377 327 2444 καί
341 2382 464 2464 ταῦρος
478 2373 559 2464 ἡμῖν
573 2377 727 2466 πρόσθεν
739 2373 896 2465 ἡγεῖσθαι
909 2381 1029 2458 δοκεῖς,
1104 2395 1159 2450 920

270 2479 327 2545 καὶ
340 2485 387 2569 σῷ
403 2480 526 2566 κέρατα
539 2481 636 2568 κρατί
650 2480 936 2568 προσπεφυκέναι.

270 2575 338 2647 ἀλλ’
354 2571 377 2668 ἦ
390 2577 459 2649 ποτ’
475 2571 567 2668 ἦσθα
580 2581 668 2669 θήρς
682 2581 889 2668 τεταύρωσαι
902 2578 966 2670 γάρ
982 2572 1057 2650 οὖν.

153 2685 215 2746 ΔΙ.
268 2677 286 2749 ὁ
306 2680 386 2763 θεὸς
400 2678 554 2772 ὁμαρτεῖ,
570 2682 722 2771 πρόσθεν
737 2676 786 2750 τόν
798 2679 862 2752 οὐκ
877 2679 1030 2771 εὐμενής,

270 2788 451 2864 ἔνσπονδος
463 2782 560 2872 ἡμῖν·
580 2791 647 2853 νῦν
661 2781 692 2852 δ’
710 2780 790 2874 ὁρᾷς
804 2779 826 2852 ά
838 2783 902 2873 χρή
915 2781 946 2852 σ’
963 2781 1057 2873 ὁρᾶν.
1072 2857 1074 2861 ,

152 2888 224 2950 ΠΕ.
266 2891 302 2952 τί
313 2893 474 2973 φαίνομαι
488 2881 556 2973 δῆτ’
568 2917 576 2967 ;
590 2882 666 2972 οὐχί
679 2882 741 2973 τὴν
751 2882 853 2965 Ἰνσύς
866 2885 983 2954 στάσιν
1103 2904 1154 2958 92⁵

269 2980 291 3072 ἢ
305 2983 366 3072 τὴν
376 2983 518 3074 Ἀχαύης
532 2987 664 3056 ἑστάναι
678 2987 801 3076 μητρός
816 2985 844 3074 χ’
860 2991 962 3075 ἐμηςς

151 3093 213 3153 ΔΙ.
267 3083 370 3167 αὐτάς
385 3091 514 3168 ἔκείνας
530 3093 664 3177 είσορᾶν
677 3094 766 3158 δοκῶ
785 3085 816 3157 σ’
833 3085 934 3178 ὁρῶν.

267 3183 336 3256 ἄλλ’
353 3192 385 3272 ἔξ
402 3192 500 3278 ἕδρας
514 3210 568 3258 σοι
581 3190 750 3278 πλόκαμος
764 3187 901 3278 ἐξέστηχ’
917 3187 987 3278 όδε,

267 3287 328 3377 οὐχ
343 3287 387 3370 ὦς
400 3291 465 3379 ἔχω’
478 3320 535 3361 νιν
546 3287 730 3415 ὁπμίτρᾳ
743 3290 953 3381 καθήρμοσα.
1006 3295 1020 3380 λ

155 3395 223 3456 ΠΕ.
264 3395 363 3460 ἔνδον
376 3401 544 3481 προσείων
558 3392 663 3462 αυτὸν
677 3390 881 3462 άνασείωντ’
898 3393 962 3482 έχω
1100 3409 1151 3467 93⁰

266 3493 323 3558 καί
336 3493 522 3579 βακχιάζων
541 3497 573 3576 ἐξ
589 3497 688 3578 ἕδρας
703 3494 912 3584 μεθώρμισα.
