2517 3934
151 184 216 249 294

519 186 555 245 Η
555 186 790 243 ΡΑΚΛΕΙΔΑΙ

155 366 225 427 XO.
266 363 316 436 τίς
330 350 372 425 ἀν
386 362 485 445 δίκην
499 361 647 444 κρίνειεν
660 348 682 440 ἢ
694 360 792 441 γνοίη
808 352 920 441 λόγον,

157 568 214 629 ΙΟ.

268 460 348 547 πρὶν
362 453 405 527 ἀν
418 455 499 546 παρ’
515 453 642 544 ἀμφοῖν
655 462 770 542 μῦθον
783 454 915 544 ἐκμάθῃ
928 462 1062 544 σαφῶςς
1108 472 1164 528 180

268 557 366 646 ἀναξ,
381 556 524 648 ὑπάρχει
537 558 599 646 μὲν
615 554 689 626 τόδ’
706 560 743 625 ἐν
757 564 797 646 τῇ
811 564 854 645 σῇ
866 563 977 644 χθονί,

272 667 378 731 εἰπεῖν
392 658 538 731 ἀκοῦσαί
549 656 579 729 τ’
594 663 632 728 ἐν
645 661 738 748 μέρει
752 659 895 745 πάρεστί
904 686 971 746 μοι,

269 760 404 843 κούδείς
417 763 454 850 μ’
476 760 602 831 ἀποίσει
617 760 770 848 πρόσθεν
784 757 895 848 ὥσπερ
910 756 1065 833 ἄλλοθεν.

269 862 350 953 ἡμίν
365 865 403 933 δὲ
416 867 473 933 καλ
485 861 566 956 τῷδ’
585 860 689 932 οὐδέν
702 866 793 931 ἐστιν
807 865 844 931 ἐν
857 865 964 954 μέσφ’

271 968 343 1035 ἐπεὶ
357 964 570 1056 γάρ”Αργους
584 961 625 1033 οὐ
637 961 776 1049 μέτεσθ’
792 961 872 1052 ἡμίν
886 971 946 1050 ἔτι,
1110 981 1163 1035 185

268 1069 372 1159 ψήφφ
388 1074 552 1155 δοκῆσαν,
567 1063 651 1136 ἀλλὰ
665 1066 837 1154 φεύγομεν
850 1066 991 1154 πάτραν,

270 1178 339 1250 πῶς
353 1166 395 1239 ἀν
410 1175 547 1249 δικαίως
561 1164 605 1249 ὥς
618 1174 842 1256 Μυκηναίους
855 1163 933 1255 ἀγοι

271 1268 438 1352 οἷδ’ὅνιας
451 1268 552 1360 ἡμᾶς,
568 1266 628 1349 οὕς
643 1266 818 1357 ἀπήλασαν
835 1268 977 1357 χθονός;

270 1375 357 1456 ξένοι
370 1374 434 1464 γάρ
448 1378 557 1461 ἐσμεν.
572 1368 594 1460 ἦ
608 1369 668 1439 τόν
680 1367 847 1458 Ἑλλήνων
861 1366 944 1459 όρον

270 1475 411 1564 φεύγειν
425 1476 597 1545 δικαιοῦθ’
607 1470 698 1552 ὅστις
712 1468 754 1541 ἀν
766 1470 888 1561 τάργος
902 1471 1013 1560 φάγῃς
1109 1490 1162 1544 190

140 1616 145 1625 ·
271 1574 399 1646 οὔκουν
411 1573 556 1664 Ἀθήνας
570 1572 616 1663 γ’·
638 1571 681 1642 οὐ
697 1573 761 1662 γάρ
773 1571 933 1664 Ἀργείων
946 1574 1043 1665 φόβφ

272 1677 350 1758 τοὺς
361 1673 576 1767 Ἡρακλείους
589 1681 710 1755 παῖδας
722 1678 857 1757 ἐξελῶσι
870 1682 940 1763 γῆς.

270 1776 311 1848 οά
328 1780 439 1868 γάρτι
457 1787 578 1870 Τραχίς
591 1782 682 1848 ἐστιν
695 1774 772 1847 οὐδ’
789 1774 958 1865 Ἀχαιιιιδν

269 1878 416 1969 πόλισμ’,
432 1878 516 1951 ὅθεν
530 1877 573 1950 οὐ
586 1880 708 1949 τούσδε
721 1888 761 1969 τῇ
776 1886 854 1969 δίκῃ
867 1879 929 1967 μὲν
941 1876 992 1966 οὕ,

268 1980 305 2051 πὸ
320 1981 355 2052 δ’
366 1980 488 2073 ’Ἁργος
501 1981 629 2071 όγκοῖν,
645 1978 762 2070 οἷάπερ
777 1984 833 2050 καλ
846 1988 913 2052 νῦν
926 1983 1042 2069 λέγεις,
1108 2000 1159 2054 195

269 2081 412 2173 ἤλαυνες
427 2088 535 2165 ίκέτας
548 2091 698 2174 βωμίους
711 2086 933 2172 καθημένους.

270 2192 302 2257 εί
314 2183 377 2276 γάρ
391 2185 462 2257 πόδ’
480 2194 570 2257 ἔσται
584 2188 640 2254 καὶ
653 2183 774 2274 λόγους
787 2191 951 2275 κρανοῦσι
964 2185 1053 2273 σούς,

270 2285 311 2359 οὗ
329 2287 412 2377 φήμ’
427 2286 572 2377 Ἀθήνας
585 2284 681 2357 τάσδ’
697 2291 879 2376 ἐλευθέρας
893 2294 951 2355 ἔτι.

269 2386 342 2461 ἀλλ’
359 2388 424 2461 οἷδ’
442 2389 507 2478 ἐγω
522 2389 558 2459 τό
574 2396 682 2458 τάνδε
695 2397 782 2477 λῆμα
796 2392 852 2459 καλ
867 2389 990 2476 φάσιν·

267 2489 432 2580 θνήσκειν
445 2489 640 2579 θελήσουσ’·
663 2488 684 2580 ἡ
701 2490 764 2581 γάρ
779 2490 921 2579 αίσχόνη
935 2492 1040 2580 πάρος
1104 2509 1158 2561 200

267 2601 327 2664 τοῦ
341 2600 400 2683 ζῆν
414 2590 494 2684 παρ’
513 2597 647 2673 ἐσθλοῖς
660 2591 824 2682 ἀνδράσιν
836 2601 1011 2679 νομιῖεπαι.

268 2695 368 2767 πόλιν
382 2697 445 2785 μὲν
460 2694 570 2786 ἀρκεῖ·
584 2697 642 2765 καλ
657 2694 720 2786 γάρ
736 2686 799 2764 οὖν
813 2700 1005 2784 ἐπίφθονον

267 2806 344 2875 λίαν
358 2803 509 2869 ἐπαινεῖν
521 2803 607 2886 ἐστι,
622 2799 780 2878 πολλάκις
794 2798 832 2867 δδ
846 2795 888 2885 δὴ

267 2897 389 2981 καύτὸς
403 2903 590 2990 βαρυνθεὶς
605 2897 671 2969 οἷδ’
688 2898 775 2988 άγαν
788 2898 1002 2987 αίνοόμενος·

267 3003 320 3072 σολ
337 2999 370 3071 δ’
388 3000 432 3083 οδς
446 2999 574 3090 ἀνάγκη
588 3002 710 3072 τούσδε
724 3002 888 3091 βούλομαι
902 3001 1028 3090 φράσαι
1105 3018 1157 3071 205

267 3104 401 3191 σοι’ζειν,
417 3108 552 3192 ἐπείπερ
566 3110 668 3191 τῆσδε
683 3119 877 3195 προσιατείς
890 3102 1024 3190 χθονός.

266 3205 417 3287 Πιτθεὺς
430 3210 493 3295 μέν
507 3210 576 3275 ἐστι
589 3210 760 3292 Πέλοπος,
775 3210 812 3275 ἐκ
826 3206 865 3274 δὲ
876 3208 1032 3285 Πιτθέως

267 3320 399 3398 Αίθρα,
415 3307 523 3397 πατὴρ
538 3314 559 3377 δ
562 3305 572 3332 ’
588 3312 624 3378 ἐκ
639 3314 739 3395 τῆσδε
753 3313 911 3395 γεννᾶται
924 3308 1028 3376 σε’θεν

268 3412 408 3499 Θησεύς.
425 3411 526 3480 πάλιν
542 3412 579 3479 δὲ
593 3406 696 3479 τῶνδ’
712 3407 827 3498 ἀνειμί
839 3431 892 3479 σοι
905 3410 1011 3496 γένος.

261 3514 440 3600 Ἡρακλέης
454 3503 497 3599 ἦν
510 3510 617 3600 Ζηνός
629 3508 813 3598 Ἀλκμήνης
826 3538 862 3579 ιε
876 3525 963 3595 παῖς,
1104 3525 1157 3578 010
