2517 3934
191 229 255 281 XVI
505 229 552 282 DE
569 229 757 282 nvnmnls
775 231 862 282 VITA

189 380 387 458 effingendam
411 379 557 449 habuerit.
580 381 691 442 nemini
711 383 845 459 quotum
861 390 921 443 est:
944 400 1042 461 neque
1057 389 1176 457 erraris,

190 466 217 524 si
246 482 282 524 ex
310 464 365 525 bac
391 468 518 525 maxime
546 465 733 526 institutione
761 464 832 525 illud
860 466 1086 546 philosophandi
1116 479 1175 532 stu·

189 547 272 607 dium
289 549 385 608 animo
400 547 552 627 Euripidis
565 549 687 609 infixum
702 551 885 627 repetiveris.
903 552 951 612 cul
966 554 1097 613 scaenici
1112 555 1176 634 pbl-

190 629 305 708 losophi
333 629 541 712 cognomenffl)
571 633 634 710 ipse
661 631 772 694 debuit.
816 651 876 712 quo
902 636 1006 695 aetatis
1033 655 1115 697 anno
1141 639 1176 698 nd

190 717 335 792 tragicum
359 722 509 776 certamen
530 717 660 794 primum
683 715 879 785 descenderit,
902 725 985 778 certo
1007 718 1125 780 deliniri
1147 724 1175 782 in

190 806 272 859 tanto
304 801 425 860 testium
453 798 589 859 dissensu
617 801 665 858 vix
694 796 859 881 poterit¹⁷).
902 801 1044 862 credibile
1077 813 1175 864 autem

190 890 233 941 est
257 883 399 942 mediocri
421 901 489 944 oum
511 882 610 944 lavore
632 883 743 962 primas
765 891 869 962 poetae
891 885 1059 962 tragoedias
1082 906 1100 948 a
1123 907 1174 966 po

190 965 260 1044 pulo
283 974 420 1045 exceptas
442 976 471 1026 et
491 965 670 1044 aliquamdiu
690 967 834 1045 iniquiora
856 967 963 1029 iudicia
979 988 1047 1031 eum
1068 989 1175 1049 exper-

189 1059 252 1110 tum
281 1069 361 1119 esse,
392 1059 548 1126 antequam
570 1052 667 1129 primo
689 1048 755 1110 loco
777 1052 871 1110 victor
897 1053 1121 1114 renuntiaretur
1149 1063 1177 1114 et

189 1152 255 1194 eam
279 1133 445 1211 aequalium
461 1137 583 1212 gratiam
606 1133 663 1194 sibi
678 1133 851 1195 conciliaret
866 1152 923 1215 qua
945 1137 1022 1214 apud
1037 1145 1175 1215 posteros
1235 1198 1237 1203 .

189 1217 300 1278 iloruit.
337 1234 394 1280 nec
416 1225 499 1298 pater
521 1218 741 1279 Mnesarchides
762 1231 939 1296 responsum
960 1218 1104 1296 Apollinis
1126 1239 1174 1282 ra-

189 1313 252 1363 tum
275 1298 404 1381 viditffl).
447 1302 515 1363 inde
538 1322 555 1363 a
577 1304 750 1378 gravissima
773 1302 891 1362 demum
919 1305 1051 1384 omnium
1072 1322 1174 1366 rerum

189 1387 391 1455 conversione,
414 1403 490 1464 quae
511 1388 670 1461 ingruente
693 1384 770 1445 bello
792 1385 1045 1464 Peloponnesiaco
1073 1390 1173 1448 civita-

189 1479 249 1530 tem
265 1470 490 1530 Atheniensium
508 1470 622 1537 invasit,
646 1468 822 1547 Euripideae
837 1471 997 1547 sapientiae
1012 1469 1174 1530 faciliorem

189 1571 291 1612 aurem
306 1555 383 1613 cives
398 1551 571 1631 praebuisse
587 1548 782 1629 videntur¹⁰lz
806 1554 890 1612 cuius
912 1555 956 1613 rei
972 1572 1046 1632 quae
1068 1572 1175 1616 causae

190 1637 308 1707 luerint,
331 1637 408 1696 inira
431 1635 620 1697 indicabitur.
665 1635 856 1696 nibilominus
877 1638 1033 1716 quinquies
1059 1645 1175 1698 tantum

190 1723 302 1799 primas
323 1720 358 1780 ad
379 1719 550 1796 Euripidem
572 1719 683 1780 delatas
698 1738 763 1780 esse
784 1721 1008 1800 accepimusw).
1037 1738 1071 1780 ac
1086 1731 1174 1799 poeta

189 1899 286 1954 πάντα
308 1894 488 1967 τάνθρώπων
509 1895 610 1959 κακά’.
651 1904 769 1968 deniqne
792 1903 932 1954 Heracliti
953 1901 1004 1954 τοῦ
1025 1904 1174 1956 σκοτεινοῦ

191 1972 296 2035 scripta
310 1971 438 2021 lectitata
453 1986 513 2020 esse
528 1972 562 2020 ab
576 1970 707 2036 Euripide
725 1969 797 2020 haud
814 1971 995 2036 improbabile
1006 1978 1056 2035 est,
1074 1971 1109 2022 cf.
1119 1972 1174 2022 Te-

190 2039 259 2088 tien.
279 2039 355 2090 Orat.
374 2038 409 2086 ad
427 2037 473 2090 Gr.
491 2053 513 2088 e.
533 2041 549 2088 3
567 2043 595 2088 et
612 2038 694 2102 Diog.
712 2037 745 2087 L.
764 2039 788 2094 2,
807 2039 849 2088 22.

259 2105 303 2170 16)
323 2104 365 2154 cr.
382 2104 447 2159 Ate.
465 2105 504 2154 1v
526 2121 552 2169 p.
572 2105 652 2156 men
672 2109 700 2155 et
716 2103 784 2153 xm
802 2120 828 2168 p.
850 2106 898 2155 τοι
912 2107 935 2154 A
953 2102 1054 2154 sexsus
1071 2105 1176 2168 smper.

190 2187 217 2236 p.
237 2173 296 2237 666,
316 2174 330 2221 l
350 2171 476 2221 Clemens
492 2171 572 2221 Alex.
591 2173 690 2222 Strom.
707 2171 731 2219 V
748 2187 774 2236 p.
794 2172 843 2220 688
862 2171 996 2236 Origenes
1014 2187 1039 2225 o.
1059 2170 1129 2221 Cels.
1148 2175 1175 2234 4,

190 2241 223 2290 'll
242 2254 269 2304 p.
281 2240 332 2288 215
349 2239 486 2288 Eusebius
498 2237 529 2288 P.
541 2240 574 2289 E.
588 2239 612 2288 X
618 2254 658 2318 p
670 2240 721 2288 504
738 2237 759 2288 0
776 2237 919 2287 Vitruvius
932 2238 999 2288 VIII
1016 2239 1104 2302 praef.
1119 2239 1137 2297 S
1152 2241 1176 2290 1.

259 2307 302 2370 17)
322 2305 384 2354 Vite
401 2306 465 2357 Eur.
485 2319 525 2354 vs.
545 2307 589 2356 30:
613 2303 720 2386 ηρξατο
745 2298 777 2355 δὲ
801 2299 952 2356 διδάσκειν
976 2296 1024 2355 ἐπὶ
1045 2303 1178 2356 Καλλίου

191 2362 330 2438 ἄρχοντος
348 2364 421 2422 κατὰ
439 2362 604 2437 ὀλυμπιάδα
626 2363 823 2453 ογδοηκοοτγν
847 2367 962 2436 πριότην
985 2367 1042 2422 ἔτει
1063 2364 1177 2436 πρώτῳ.

189 2440 302 2505 πρῶτον
326 2433 359 2491 δὲ
382 2432 501 2502 ἐδίδαξε
523 2434 574 2498 τὰς
597 2430 759 2502 Πελιάδας,
784 2453 834 2491 occ
855 2435 906 2489 καί
932 2436 1027 2499 τρίτος
1052 2430 1178 2502 ἐγένετο,

190 2508 292 2558 ibidem
314 2506 397 2571 paulo
420 2511 504 2555 antea
522 2521 561 2558 ve.
580 2507 624 2557 2οι
649 2495 796 2571 ἄρξασθαι
820 2499 854 2556 db
877 2498 1071 2570 ἀγωνίζεσθαι
1092 2500 1177 2568 γενό-

190 2563 367 2690 μεγονΤξτῶν
386 2566 814 2700 1εέκοσιέὲὶὲιέοιίεέκὲοιυιεὲνὲτε
837 2573 1011 2689 scribepdunp
1028 2571 1176 2687 nqquiqere

190 2657 262 2760 ilai
274 2656 466 2774 κεόγῗγονυῖ
482 2707 518 2757 τι
531 2677 574 2757 ln
586 2655 732 2770 mliii?
738 2653 1178 2770 0.11.'..⁰.²’1l‚⁸40‚t?t....ttt32

189 2777 304 2826 scribere
322 2783 396 2824 natos
414 2791 494 2825 annos
511 2776 684 2838 duodeviginti
700 2774 808 2824 adortus
825 2780 872 2822 est.
901 2773 931 2821 in
943 2784 1077 2820 marmore
1093 2771 1177 2821 Pario

192 2839 234 2902 (O.
248 2841 414 2904 1137115)
432 2842 503 2890 haee
520 2840 673 2890 habentur:
692 2833 854 2904 Εὐριπίδης
873 2830 942 2889 ἑτῶν
960 2826 1000 2888 ὦν
1017 2837 1179 2888 ΔΔΔΔΙΠ

191 2907 337 2974 τραγῳδία
366 2905 478 2970 πρῶτον
508 2899 640 2972 ἐνίκησεν
661 2933 694 2942 -
720 2898 857 2971 ἄρχοντος
883 2897 1019 2969 Ἀθήνησι
1049 2904 1179 2969 Διφίλου

190 2975 301 3040 (olymp.
314 2957 356 3036 til,
370 2976 386 3024 3
403 2975 462 3023 sive
475 2989 548 3024 auno
559 2975 609 3022 441
624 2978 689 3022 aute
703 2971 766 3021 Chr.
779 2972 827 3036 m).
857 2975 1038 3022 commentum
1056 2986 1073 3018 n
1092 2970 1180 3020 Snida

191 3042 344 3121 proditum,
373 3032 419 3090 ἐπὶ
443 3038 608 3106 τραγῳδίαν
630 3033 665 3090 δὲ
689 3030 796 3104 ἒτροὶνιη
818 3031 870 3090 τὸν
889 3029 1080 3102 Ἀναξαγόραν
1106 3033 1180 3087 ίδῶν

191 3100 359 3224 υποστγίιγγα
370 3099 525 3166 κινδύνους
539 3099 580 3157 δι’
599 3095 673 3170 ἅπερ
686 3102 780 3171 είοῆξε
793 3104 932 3171 δογματα,
950 3105 1034 3155 verbo
1048 3104 1180 3168 tetigisse

191 3178 260 3226 setis
296 3191 312 3224 a
333 3189 416 3224 emus.

260 3241 303 3306 18)
321 3242 395 3294 Plut.
413 3241 481 3291 Mor.
499 3256 526 3306 p.
538 3241 635 3290 mou:
655 3233 724 3290 οὐδὲ
742 3235 905 3304 Εὐριπίδου
922 3233 973 3289 καὶ
991 3231 1181 3301 Σοφοκλέους

192 3308 275 3367 νίκας
293 3302 324 3359 ol
338 3303 459 3373 πατέρες
477 3302 613 3374 ἔγνωσαν.

261 3373 306 3440 19)
326 3375 406 3426 Certe
426 3375 524 3440 olymp.
542 3377 588 3436 81,
607 3375 624 3422 4
648 3373 684 3434 (e.
702 3376 753 3424 428
772 3389 797 3424 ιι.
818 3373 881 3423 Chr.
900 3370 943 3438 n.)
966 3371 1068 3437 primus
1088 3371 1181 3422 victor

192 3445 367 3493 renuntiatus
387 3447 442 3507 est,
461 3442 498 3497 ef.
515 3442 627 3506 Argum.
645 3441 711 3490 Eur.
730 3442 814 3505 Hipp.

259 3509 305 3576 20)
326 3509 431 3562 Gellius
449 3511 483 3562 N.
496 3509 530 3559 A.
544 3511 583 3570 1⁷,
601 3510 627 3571 4,
646 3511 676 3559 3:
693 3507 843 3572 Euripidem
860 3522 958 3573 quoque
975 3506 1015 3560 M.
1032 3506 1121 3556 Varro
1133 3508 1182 3565 ate,

192 3592 246 3628 cnm
263 3580 372 3644 quinque
389 3586 415 3628 et
431 3581 594 3642 repiqapinta
612 3577 759 3641 tragoediae
776 3577 925 3638 scripserit,
947 3577 974 3624 in
993 3577 1101 3640 putrique
1118 3574 1183 3622 eolis
