2517 3934
186 162 249 228 314
555 160 828 221 ΗΡΑΚΛΕΙΛΛΙ

300 331 321 405 ’ὁ
335 331 368 404 δ’
384 330 462 403 ούτε
476 330 556 413 τούς
568 330 733 411 κλύοντας
747 331 918 411 αἰδεσθεὶς
931 329 1045 418 λόγων

302 434 376 507 οὔτ’
393 433 494 517 αὐτὸς
507 432 614 505 αὑτοῦ
630 439 762 502 δειλίαν
774 430 959 521 στρατηγὸς
972 429 1034 520 ύν,

303 544 418 609 ἐλθεῖν
432 534 588 627 ἐτόλμησ’
608 534 709 625 ἐγγύς
725 532 869 623 ἀλκίμου
883 535 993 633 δορός,
1151 550 1199 605 815

302 639 376 712 ἀλλ’
394 632 438 728 ἦν
451 641 623 719 κάκιστος·
640 638 711 708 εἶτα
723 645 875 719 τοιοῦτος
890 635 997 725 γεγύς

302 742 381 824 τούς
394 741 612 831 Ἡρακλείους
624 732 713 829 ἦλθε
727 740 911 810 δουλεύσων
924 739 1058 827 γόνους.

292 842 410 926 Ὕλλος
422 845 484 933 μὲν
499 835 563 914 ούν
577 839 723 936 ἀπῴχετ’
743 848 790 923 είς
803 843 896 926 τάξιν
910 839 1029 910 πάλιν·

301 948 436 1037 μάντεις
450 943 483 1016 δ’
500 944 616 1034 ἐπειδὴ
631 946 823 1035 μονομάχου
839 940 886 1015 δι’
902 940 1045 1024 ἀσπίδος

302 1047 483 1137 διαλλαγάς
497 1056 650 1137 ἔγνωσαν
663 1045 706 1118 ού
719 1050 932 1137 τελουμένας,
1150 1062 1200 1116 82⁰

302 1160 464 1240 ἔσφαζον,
479 1148 542 1221 οὐκ
558 1158 714 1239 ἔμελλον,
730 1146 805 1218 ἀλλ’
822 1147 968 1236 ἀφίεσαν

305 1261 435 1341 λαιμῶν
448 1260 612 1342 βροτείων
627 1249 736 1335 εὐθύς
750 1249 870 1340 σύρων
884 1251 1002 1339 φόνον.

302 1364 338 1426 οἱ)
349 1353 382 1424 δ’
400 1352 520 1444 ἅρματ’
538 1358 744 1444 εἰσέβαινον,
758 1362 794 1425 οἳ
806 1351 838 1423 δ’
854 1350 914 1423 ὑπ’
931 1349 1087 1421 ἀσπίδων

304 1467 465 1545 πλευροῖς
478 1465 647 1545 ἔκρυπτον
659 1453 792 1546 πλεύρ’·
812 1454 1005 1544 Ἀθηναίων
1018 1452 1052 1524 δ’
1072 1451 1159 1537 άναξ

303 1566 433 1651 στρατῷ
457 1556 650 1645 παρήγγειλ’
667 1554 722 1628 οἷα
735 1556 798 1648 χρὴ
813 1556 873 1628 τὸν
887 1554 1026 1645 εὐγενῆ·
1147 1573 1200 1627 Βῖσ

304 1653 332 1731 ὦ
346 1666 559 1749 ξυμπολίται,
574 1669 614 1751 τῇ
628 1688 664 1730 τε
677 1660 847 1751 βοσκούση
859 1662 962 1748 χθονὶ

303 1767 360 1834 καὶ
375 1770 416 1852 τῇ
429 1762 572 1852 τεκούσῃ
586 1770 653 1833 νῦν
667 1761 734 1832 τιν’
750 1760 888 1850 ἀρκέσαι
901 1761 1020 1852 χρεύυ.

302 1861 321 1933 δ
339 1863 371 1935 δ’
387 1856 433 1934 αύ
449 1865 486 1935 τό
502 1862 531 1933 τ’
545 1862 668 1955 ’Ἀργος
681 1863 727 1953 μὴ
741 1873 961 1952 καταισχῦναι
975 1867 1093 1935 θέλειν

211 1968 214 1979 ’
303 1970 361 2038 καὶ
374 1966 433 2048 τάς
442 1967 610 2055 Μυκήνας
623 1968 818 2055 συμμάχους
831 1972 989 2037 ἐλίσσετο.

305 2072 378 2140 ἐπεὶ
392 2066 424 2139 δ’
441 2067 579 2159 ἐσήμην’
596 2066 719 2159 ὄρθιον
738 2077 931 2160 Τυρσηνικῇ
1147 2088 1201 2145 830
1248 2117 1249 2128 τ

302 2172 461 2260 σάλπιγγι
474 2174 532 2241 καί
546 2179 705 2260 συνῆψαν
718 2169 874 2261 ἀλλήλοις
886 2172 1006 2260 μάχην,

304 2275 411 2344 πόσον
424 2269 489 2344 τιν’
506 2271 619 2361 αύχεῑς
634 2275 783 2363 πάταγον
797 2272 950 2344 ἀσπίδων
964 2276 1116 2363 βρέμειν,

303 2377 410 2446 πόσον
424 2374 499 2446 τινά
513 2374 702 2465 στεναγμὸν
717 2377 867 2465 οἰμωγήν
881 2374 919 2445 θ’
936 2374 1042 2465 ὁμοῦ;

302 2477 342 2547 τά
357 2485 472 2567 πρῶτα
486 2480 548 2565 μέν
560 2507 627 2549 νυν
642 2487 780 2561 πίτυλος
794 2476 946 2567 ’Λργείου
960 2477 1060 2567 δορὸς

303 2577 462 2668 ἐρρήξαθ’
479 2577 579 2668 ἡμᾶς·
596 2578 657 2651 εἶτ’
674 2581 846 2670 ἐχάρησαν
859 2582 971 2651 πάλιν.
1149 2599 1203 2655 8³⁶

301 2682 339 2752 τὸ
354 2683 515 2771 δεύτερον
530 2684 568 2754 δὲ
582 2681 669 2764 πούς
681 2685 903 2771 ἐπαλλαχθεὶς
917 2689 1008 2770 ποδί,

303 2782 389 2873 ἀνὴρ
406 2782 438 2853 δ’
455 2782 509 2855 ἐντ’
527 2783 628 2875 ἀνδρὶ
642 2785 722 2865 στάς
736 2789 906 2876 ἐκαρτέρει
919 2787 1024 2874 μάχη·

303 2890 421 2957 πολλοὶ
435 2885 467 2957 δ’
484 2895 641 2974 ἐπικτον,
655 2879 699 2976 ἦν
714 2889 752 2959 δέ
765 2888 829 2959 δύο
842 2889 1069 2977 κελεύσματα·

303 2980 331 3057 ὦ
344 2986 403 3069 τὰς
417 2986 578 3078 Ἀθήνας,
594 2982 621 3060 ὦ
636 2989 696 3059 τὸν
709 2987 870 3081 Ἀργείων
885 2991 974 3080 γύην

301 3098 506 3179 σπείροντες,
521 3090 584 3162 ούκ
599 3091 730 3182 ἀρήξετ’
747 3094 911 3182 αἰσχύνην
924 3093 1039 3174 πόλεις
1148 3110 1202 3166 840

301 3195 397 3283 μόλις
410 3195 448 3263 δέ
462 3196 569 3265 πάντα
583 3201 731 3286 δρῶντες
744 3195 807 3267 ούκ
821 3193 900 3284 ἀτερ
914 3196 1030 3266 πόνων

304 3296 529 3387 ἔτρεψάμεσθ’
543 3296 697 3386 Ἀργείου
712 3305 759 3378 είς
773 3299 889 3387 φυγὴν
902 3299 999 3387 δόρυ.

302 3394 469 3468 κάνταῦθ’
487 3397 504 3469 ὁ
519 3396 796 3489 πρέσβυς”Ῥλλον
813 3401 1043 3491 ἐξορμώμενον

304 3500 404 3587 ίδιύν,
419 3498 534 3591 ὀρέξας
549 3503 698 3571 ἱκέτευσε
712 3499 826 3585 δεξιάν
