2517 3934
211 187 296 238 XLVI
339 185 389 234 DE
408 181 603 235 comcmvs
621 182 833 234 EVRIPIDEIS
850 183 899 232 ΕΤ
916 182 1157 234 EDITIONIBVS

216 338 358 396 titerunt:
383 335 461 413 apud
477 333 587 412 dngios
609 335 724 395 recenti
745 336 886 395 memoria
901 334 1023 395 Carolus
1038 333 1206 396 Badbamuc

218 419 290 498 (lph.
308 418 341 480 T.
365 419 430 480 Hel.
453 419 515 479 lon.
534 419 626 495 1851)
650 421 870 496 sagacissimum
893 437 925 478 se
947 421 1083 484 criticum
1107 429 1206 480 osten·
1238 465 1243 479 .

217 503 268 564 dit.
299 503 377 582 quod
393 521 462 564 vero
485 504 691 581 gravissimum
713 509 785 572 erat,
808 513 842 563 ut
857 503 1035 582 optimorum
1057 503 1205 565 librorum
1249 536 1250 539 κ

216 587 346 648 subsidia
369 590 612 667 anquirerentur,
642 589 738 650 circi
760 587 830 648 satis
856 587 927 647 fecit
948 589 981 647 Α.
1005 587 1206 651 Kircbboifins

217 669 254 752 (a.
280 672 387 750 1855),
412 673 462 751 qui
484 670 620 732 codicum
643 679 812 732 nostrorum
834 673 1011 732 auctoritate
1031 675 1064 733 in
1086 673 1205 732 univer·

216 773 280 817 sum
303 764 384 816 recte
411 756 557 836 pensitata
578 757 615 814 iis
637 757 689 835 qui
709 755 883 834 Euripidcas
909 756 1023 818 tabulas
1045 754 1206 817 emendare
1249 786 1250 789 ¹

216 847 398 901 conarentur
428 841 536 900 muniit
570 841 648 900 viam
678 848 708 900 et
734 841 917 901 monstrarit.
962 840 1049 901 huius
1083 840 1206 900 editioni

217 941 313 985 meam
337 941 458 1002 operam
481 922 550 983 duxi
572 924 852 985 accommodandam
874 925 1006 985 rationes
1027 931 1134 984 tenens
1156 943 1206 984 eas
1249 920 1250 1015 i

217 1026 291 1086 quas
317 1010 348 1066 in
371 1006 461 1068 altera
491 1007 619 1069 editione
642 1027 668 1068 a.
693 1011 774 1070 1857
802 1008 968 1087 sequendas
995 1007 1069 1068 mibi
1097 1026 1205 1086 propo
1249 1020 1250 1097 p

217 1109 344 1160 sueram,
367 1099 399 1152 ut
413 1093 564 1152 annotatio
579 1093 680 1152 critica
696 1093 816 1170 utrique
830 1091 970 1152 volumini
985 1111 1001 1152 a
1016 1091 1103 1152 nobis
1117 1111 1204 1170 prae·

218 1177 306 1236 missa
323 1175 537 1237 Kircbhofflnni
559 1184 718 1257 apparatus
740 1175 979 1256 supplementum
1001 1193 1066 1237 esse
1087 1175 1204 1237 veliem.

218 1263 280 1340 ipse
302 1279 377 1338 quac
405 1261 504 1322 invitis
531 1259 616 1322 libris
638 1278 793 1321 novassem
821 1260 963 1340 pleraque
984 1261 1083 1321 omnia
1105 1262 1206 1339 putavi
1249 1328 1250 1331 Ἴ

217 1345 476 1405 commemoranda
484 1341 531 1423 9ο).
563 1346 674 1406 alienas
689 1344 908 1405 emendationes
924 1361 983 1405 non
999 1344 1127 1406 indicavi
1151 1346 1207 1404 nisi
1249 1344 1250 1347 ’

217 1447 289 1507 quas
311 1449 327 1487 a
349 1427 533 1489 Kircbhoifio
555 1429 680 1489 omissas
707 1435 759 1488 aut
779 1431 893 1488 auctori
916 1447 975 1489 non
1004 1446 1057 1489 suo
1079 1428 1225 1490 tributas.

217 1512 365 1572 vidissem.
412 1511 569 1588 aliquoties
591 1521 690 1572 tamen
712 1512 779 1572 ideo
801 1511 946 1572 librorum
969 1514 1133 1591 scripturas
1156 1531 1205 1590 ap·

217 1597 318 1675 posui,
342 1595 420 1674 quod
444 1602 565 1675 recepta
586 1595 676 1655 lectio
702 1597 816 1656 incerta
837 1596 988 1656 rideretur
1011 1605 1041 1657 et
1062 1599 1125 1657 veri
1148 1597 1208 1656 dis·

218 1678 330 1740 similis.
375 1681 445 1739 item
468 1679 545 1739 baud
573 1697 684 1758 paucas
706 1679 805 1741 addidi
832 1683 1016 1759 suspiciones
1038 1689 1101 1741 turn
1124 1699 1207 1740 meas
1228 1733 1235 1746 ,

219 1773 281 1824 tum
305 1763 429 1833 alienas,
460 1781 532 1840 quas
554 1763 689 1840 recipere
717 1782 777 1824 non
799 1782 888 1824 ausus
917 1783 1011 1825 essem
1033 1764 1080 1824 vel
1102 1765 1206 1842 prodi-

218 1854 286 1926 gato
309 1865 403 1926 paene
425 1846 528 1908 labore
550 1849 685 1926 recipcre
708 1865 766 1908 non
787 1850 958 1926 ,·‹›tuissem.
1003 1848 1131 1924 denique
1154 1868 1206 1927 po·

217 1935 310 1993 tiores
343 1933 507 2011 scripturae
539 1933 697 1992 varietates
732 1934 869 1993 annotavi
897 1935 960 1993 sive
988 1950 1025 1993 ex
1052 1932 1207 1994 codicibus

218 2015 388 2094 Euripideis
411 2017 472 2076 sive
495 2033 529 2076 ex
553 2017 732 2095 scriptorum
754 2018 930 2077 testimoniis
952 2015 1064 2077 ductas.

281 2099 452 2161 Nonnullis
474 2101 504 2159 in
527 2098 619 2160 rebus
636 2116 710 2176 quae
725 2099 761 2160 ad
778 2102 920 2161 orationis
942 2100 1067 2160 sormam
1089 2110 1206 2178 specta·

218 2193 286 2246 rent
307 2186 396 2245 tacite
411 2202 426 2244 a
442 2182 527 2244 libris
543 2184 675 2245 discessi.
712 2185 851 2244 nimirum
863 2193 923 2245 tam
938 2192 1075 2246 recentes
1089 2202 1125 2244 ac
1147 2193 1207 2246 tam

218 2270 323 2328 vitiose
349 2269 452 2347 scripti
479 2275 548 2328 sunt
569 2267 724 2346 Euripidei
750 2268 881 2338 codices,
912 2269 995 2330 utin
1023 2267 1208 2348 prosodiacis

220 2360 250 2413 et
273 2350 509 2430 orthographicis
533 2351 756 2428 quaestionibus
777 2354 897 2413 minima
921 2371 1023 2413 corum
1045 2354 1082 2413 sit
1104 2361 1206 2412 aucto·

218 2438 300 2496 ritas.
345 2454 400 2515 pro
427 2443 481 2496 τοῦ
506 2429 591 2513 ’μοῦ,
618 2443 661 2516 spi
684 2431 757 2519 'pp3‚
787 2445 824 2519 τῇ
850 2432 902 2519 ’pp
928 2436 1056 2516 praetuli
1083 2431 1207 2513 τούμοῦ,

218 2515 319 2604 τώμῷ,
342 2515 420 2602 τήμῇ
441 2519 604 2580 secundum
627 2520 721 2597 Etym.
744 2520 782 2580 M.
806 2540 835 2600 p.
859 2524 930 2597 757,
953 2523 1003 2582 23.
1040 2539 1100 2581 non
1121 2511 1157 2578 αἶ
1174 2513 1209 2579 αἶ

219 2604 362 2667 sedeloci
383 2612 416 2665 ut
437 2603 599 2665 scriberem
627 2605 774 2683 permovit
803 2623 851 2664 me
880 2604 1065 2666 Herodianus
1085 2623 1118 2664 π.
1139 2625 1207 2681 μον.

218 2685 275 2764 tte.
297 2709 328 2769 p.
352 2691 402 2756 27,
427 2691 476 2750 13.
522 2698 621 2749 utrum
644 2685 757 2748 οὐκοῦν
783 2706 821 2748 an
843 2686 956 2749 οὔκουν
977 2688 1136 2766 legendum
1159 2690 1208 2759 sit,

128 2781 133 2802 '
218 2792 278 2835 uon
301 2793 317 2833 c
340 2773 492 2834 codicibus
520 2773 571 2833 sed
594 2792 649 2852 pro
673 2792 725 2834 suo
747 2771 870 2834 arbitrio
897 2772 1032 2834 homines
1054 2773 1133 2832 docti
1156 2773 1208 2832 de-

219 2865 361 2917 cernunt:
396 2857 522 2918 fortasse
549 2875 615 2917 curn
645 2856 784 2917 Elmsleio
813 2856 858 2934 (in
886 2856 956 2918 Eur.
985 2855 1100 2917 Heracl.
1132 2857 1206 2934 256)

220 2938 296 3019 apud
319 2941 447 3017 tragicos
468 2949 570 3018 poetas
592 2940 702 3020 ubique
724 2937 780 3000 οὐκ
801 2932 857 3001 οὖν
878 2940 1051 3018 legendum,
1075 2940 1208 3001 adhibita

219 3030 309 3104 prout
335 3041 410 3102 opus
438 3024 528 3083 fuerit
554 3031 604 3084 aut
631 3041 690 3083 non
713 3023 840 3085 adbibita
862 3025 1106 3101 interrogatione.
1154 3043 1208 3084 en·

220 3107 350 3178 cliticon]
373 3127 433 3166 ccv
453 3107 483 3166 in
500 3107 559 3167 νῦν
580 3114 695 3169 mutare
710 3107 807 3168 soient
829 3107 952 3168 librarii.
982 3109 1110 3168 nominis
1130 3106 1211 3170 doro

220 3193 366 3270 genitivus
387 3187 499 3262 ἄστεως
529 3189 637 3269 ubique
659 3191 704 3252 vei
733 3192 897 3253 admittitur
919 3190 963 3251 vcl
990 3193 1156 3272 requiritur
1177 3195 1210 3253 in

220 3276 394 3352 tragoediis:
418 3278 517 3354 itaque
532 3292 619 3352 quarn
643 3276 767 3337 formam
790 3275 859 3336 libri
880 3275 1042 3336 identidem
1064 3275 1211 3355 praebent

219 3357 325 3431 ἄστεος
347 3360 454 3437 sprevi.
485 3377 541 3420 nec
555 3358 676 3420 toleravi
699 3361 823 3421 sormam
844 3358 969 3438 πτύχας,
992 3378 1079 3438 quam
1102 3362 1132 3420 in
1148 3360 1209 3420 Eu·
1249 3408 1250 3431 2

1249 3454 1250 3485 i

289 3543 333 3606 96)
352 3543 535 3596 Coniecturae
553 3559 628 3595 meas
648 3544 806 3611 significavi
824 3546 954 3611 opposite
972 3543 1069 3594 littera
1085 3545 1119 3594 N.
1249 3518 1251 3603 i
