2517 3934
158 200 222 266 152
588 204 740 262 EKABH

274 370 363 454 ὅστις
378 370 441 462 γὰρ
456 370 520 441 οὐκ
535 382 638 441 εἴωθε
651 372 815 461 γεύεσθαι
828 381 952 459 κακῶν,

273 478 369 565 φέρει
383 477 462 562 μέν,
479 472 576 563 ἀλγεῖ
586 471 620 542 δ’
638 471 754 561 αὐχέν’
771 476 915 554 ἐντιθεὶς
929 484 1033 568 ζυγῷ·

272 575 392 646 θανόν
406 573 439 645 δ’
457 571 500 645 άν
515 587 566 664 είη
580 583 707 663 μᾶλλον
723 574 957 665 εὐτυχέστερος

269 678 302 768 [ή
319 676 444 763 mm&
458 675 522 766 γάρ
537 686 596 765 ζήν
609 676 654 765 μὴ
669 686 778 758 καλῶς
791 681 894 766 μέγας
907 674 1033 766 πόνος].

160 789 190 849 Χ
190 789 228 848 0.
274 779 386 859 δεινὸς
398 778 567 869 χαρακτήρ
582 777 769 867 κάπίσημος
782 784 819 849 έν
832 787 965 869 βροτοῖς

273 885 405 950 ἐσθλῦν
419 884 596 969 γενέσθαι,
613 878 694 950 κάπὶ
708 890 819 969 μεῖζον
834 889 963 969 ἔρχεται

273 991 330 1070 τῆς
346 981 517 1070 εὐγενείας
531 980 638 1071 όνομα
650 999 758 1052 τοῖσιν
771 981 885 1065 άξίοις.

160 1092 228 1154 ΕΚ.
269 1092 379 1165 καλῶς
392 1085 454 1173 μὲν
470 1084 580 1172 είπας,
595 1084 761 1175 θύγατερ·
780 1083 865 1154 άλλδι
879 1093 925 1178 τῷ
938 1093 1030 1178 καλῷ

273 1186 362 1275 λύπη
376 1188 565 1277 πρόσεστιν.
595 1195 627 1256 εί
640 1189 678 1256 δὲ
692 1194 747 1256 δεῖ
757 1195 804 1279 τῷ
819 1190 957 1276 Πηλέως

271 1289 371 1378 χάριν
384 1293 544 1378 γενέσθαι
558 1292 655 1358 παιδί
667 1293 724 1359 καὶ
736 1287 847 1377 ψόγον
861 1305 986 1378 φυγεῖν

272 1387 375 1478 ὑμᾶς,
386 1389 567 1479 Ὀδυσσεῦ,
582 1393 683 1480 τήνδε
697 1393 760 1479 μέν
773 1390 818 1479 μή
833 1398 990 1477 κτείνετε,

271 1488 356 1580 ἡμᾶς
370 1491 403 1561 δ’
420 1490 557 1582 άγοντες
570 1493 653 1582 πρὸς
666 1493 780 1581 πυράν
790 1490 962 1580 Ἀχιλλέως

271 1610 434 1683 κεντεῖτε,
449 1593 494 1683 μή
509 1591 685 1683 φείδεσθ’·
703 1593 889 1683 έγῦ”τεκον
902 1594 1026 1683 Πάριν,

273 1691 310 1776 ῦς
323 1702 426 1764 παῖδα
441 1700 578 1776 Θέτιδος
592 1693 719 1766 ὤλεσεν
732 1698 837 1779 τόξοις
850 1696 974 1785 βαλών.

160 1805 231 1865 ΟΔ.
268 1795 310 1866 οὐ
324 1795 370 1884 σ’,
386 1789 414 1866 ὦ
428 1799 562 1889 γεραιά,
577 1810 761 1868 κατθανεῖν
772 1797 944 1886 Ἀχιλλέως

272 1897 438 1988 φάντασμ’
452 1898 613 1988 Ἀχαιούς,
627 1898 712 1970 άλλά
724 1898 819 1989 τήνδ’
836 1898 989 1990 ήτήσατο.

158 2008 228 2069 ΕΚ.
270 1997 365 2089 ὑμεῖς
378 2005 419 2070 δέ
429 2001 465 2090 μ’
482 2000 567 2072 άλλά
581 2007 728 2093 θυγατρὶ
743 2002 1010 2090 συμφυνεῦσατε,

272 2106 329 2171 καὶ
343 2106 394 2185 δὶς
408 2105 508 2175 τόσου
522 2101 611 2192 πῶμ’
628 2110 765 2193 αἵματος
780 2105 955 2193 γενήσεται

272 2213 352 2295 γαίηι
364 2214 473 2298 νεκρῷ
488 2234 524 2275 τε
537 2214 583 2297 τῷ
598 2205 671 2275 τάδ’
688 2210 919 2298 ἐξαιτουμένῳ.

158 2312 230 2372 ΟΛ.
272 2302 345 2386 ἅλις
358 2307 460 2397 κόρης
482 2303 529 2389 εἷς
548 2308 706 2395 θάνατος,
723 2305 766 2378 οὐ
779 2311 993 2397 προσοιστέος

270 2405 369 2490 ἄλλος
383 2410 466 2499 πρὸς
482 2408 587 2502 άλλφ·
606 2411 691 2498 μηδὲ
706 2410 800 2479 τόνδ’
818 2409 1016 2500 ὠφείλομεν.

155 2515 226 2576 ΕΚ.
271 2512 378 2601 πολλή
390 2510 422 2600 γ’
439 2511 567 2601 ἀνάγκη
582 2515 729 2602 θυγατρὶ
742 2522 931 2582 συνθανεῖν
945 2515 1011 2601 ἐμέ.

158 2619 230 2678 ΟΔ.
270 2620 358 2698 πῦς;
378 2612 419 2684 οὐ
434 2614 498 2704 γάρ
512 2615 588 2684 οἶδα
602 2614 765 2694 δεσπότας
779 2617 988 2702 κεκτημένος.

156 2719 225 2781 ΕΚ.
267 2710 366 2785 ὁποῖα
379 2716 492 2798 κισσός
506 2715 609 2806 δρυὸς
624 2713 714 2797 ὅπως
728 2715 824 2803 τῆσδ’
839 2720 963 2803 ἕξομαι.
985 2727 987 2729 ’

157 2823 229 2882 ΟΔ.
270 2813 351 2904 οῦκ,
366 2817 409 2906 ήν
422 2848 461 2907 γε
474 2827 578 2909 πείθη
593 2834 679 2888 τοῖσι
693 2825 756 2888 σοῦ
770 2821 983 2908 σοφωτέροις.

155 2921 227 2985 ΕΚ.
270 2915 314 2997 ὡς
326 2918 421 3006 τῆσδ’
439 2924 561 2990 ἑκοῦσα
576 2919 697 3000 παιδὸς
710 2917 752 2989 οὐ
766 2921 966 3009 μεθήσομαι.
1106 2935 1162 2988 400

158 3025 230 3086 ΟΔ.
266 3017 339 3087 ἀλλ’
356 3018 431 3090 οὐδ’
447 3022 511 3110 έγώ
525 3021 591 3109 μὴν
606 3022 701 3109 τήνδ’
718 3019 830 3111 άπειμῖ
847 3020 955 3094 αὐτοῦ
968 3021 1087 3091 λιπών.

154 3121 255 3192 m
266 3128 386 3210 μήτερ,
402 3131 507 3192 πιθοῦ
522 3147 594 3211 μοι·
614 3126 671 3194 καί
684 3122 728 3193 σύ
743 3139 807 3193 παῖ
816 3132 994 3213 Λαερτίου,

270 3223 354 3310 χάλα
367 3232 522 3294 τοκεῦσιν
537 3225 672 3308 είκότως
684 3230 923 3314 θνμουμένοις,

270 3325 314 3394 σύ
328 3322 357 3393 τ’
376 3316 404 3394 ὦ
418 3328 557 3396 τάλαινα
570 3344 638 3408 τοῖς
653 3335 813 3414 κρατοῦσι
827 3327 871 3416 μή
886 3327 1005 3416 μάχου.

269 3427 385 3515 βούλει
400 3445 514 3498 πεσεῖν
528 3427 610 3518 πρὸς
625 3419 728 3509 οὐδας
741 3432 888 3500 ἑλκῶσαί
899 3458 934 3500 τε
948 3427 1011 3500 σὸν
1107 3441 1163 3495 4⁰⁵

271 3530 412 3617 γέροντα
424 3532 534 3617 χρῶτα
548 3527 630 3619 πρὸς
645 3536 725 3617 βίαν
739 3528 930 3622 ὐθονμένη,
