2517 3934
490 180 645 242 EAENH
1015 188 1073 252 161

182 371 234 424 τις
249 351 367 433 ἔλαχεν
381 345 544 436 ἕλαχεν,”
524 377 579 419 οτε
594 373 633 420 σε
647 357 760 424 τέκετο
773 357 947 450 ματρόθεν

184 445 273 526 Ζεὺς
287 450 425 538 πρέπων
440 447 535 520 δίί
497 478 518 519 α
520 455 636 543 ίθίρος
1023 480 1074 534 215

180 549 364 638 χιονόχρως
378 551 507 621 κύκνου
521 563 649 648 πτερῷ·

183 649 268 718 τί
230 679 295 740 γαρ
310 650 432 722 άπεστί
441 676 494 723 σοι
509 665 641 742 κακῶν,

179 759 257 821 τίνα
271 755 309 824 δὲ
322 762 437 842 βίοτον
451 753 514 826 οόκ
530 765 641 844 ἔτλας,

179 849 289 944 μάτηρ
302 857 365 944 μὲν
378 868 518 947 οίχεται,

179 957 306 1044 δίδυμά
320 985 356 1027 τε
368 958 453 1040 Διὸς

181 1055 245 1125 οὐκ
260 1057 456 1148 εὐδαιμονεῖ
466 1065 562 1133 τέκεα
579 1073 672 1155 φίλα,

180 1160 290 1246 χθόνα
305 1163 343 1232 δὲ
356 1163 497 1254 πάτριον
510 1163 572 1254 οόχ
586 1163 677 1259 δρᾷς,

179 1260 288 1334 διὰδὲ
301 1265 423 1347 πόλεας
436 1273 565 1356 ἔρχεται

178 1363 287 1453 βάξις,
302 1363 324 1436 ά
336 1389 374 1436 σε
388 1369 588 1459 βαρβάροισι

176 1470 300 1555 λέχεσι,
316 1467 436 1540 πότνια
444 1478 713 1563 ,παραδίδωσιν,

178 1596 197 1636 ο
185 1564 299 1638 ’δὲ
265 1591 322 1650 σος
336 1573 373 1640 ἐν
386 1569 442 1642 άλλ
455 1573 583 1662 κυμασί
593 1604 628 1646 τε
642 1581 775 1648 λε’λοιπε
789 1588 915 1671 βίοτον,

175 1666 259 1740 οὐδέ
270 1668 339 1742 ποτ’
356 1681 405 1743 ἔτι
420 1675 543 1765 πάτρια
556 1680 711 1771 μέλαθρα

177 1771 281 1841 καλ
246 1801 309 1842 ταν
321 1784 525 1847 Χαλκίοικον
539 1777 672 1868 ὀλβιεῖς.

115 1924 123 1938 .
174 1882 242 1961 φεῦ
258 1884 343 1963 φεῦ,
358 1886 407 1960 τίς
420 1909 441 1968 η
428 1876 605 1969 ’“Φρυμολυ

173 1971 195 2064 ἢ
210 1983 260 2057 τίς
269 1975 441 2062 Ἑλλανίας
453 1980 518 2051 άπὸ
531 1985 657 2069 χθονὸς

174 2085 268 2167 ἔτεμε
282 2079 344 2151 τάν
358 2085 589 2174 δακρυόεσσαν
599 2084 685 2181 Ἰλίῳ

174 2181 321 2268 πεόκαν;
338 2191 441 2254 ἔνθεν
456 2185 620 2274 ὀλόμενον

173 2283 301 2372 σκάφος
318 2289 531 2376 συναρμόσας

172 2411 190 2452 ο
179 2381 317 2475 ’Πριαμ
320 2394 394 2470 ίδας
409 2397 550 2460 ἔπλευσε
562 2395 723 2490 βαρβάρῳ
736 2396 888 2487 πλάτᾳ

172 2485 234 2556 τάν
249 2489 331 2613 ἐμδιν
345 2489 395 2580 ἐφ’
411 2495 534 2580 ἑστίαν,

173 2590 274 2658 ἐπὶ
241 2618 278 2660 το
293 2595 455 2683 δυστυχὲς

170 2690 347 2781 κάλλος,“
325 2723 369 2776 ως
384 2699 453 2766 ελοι
466 2696 574 2787 γάμον
588 2699 679 2786 ἐμόν.

171 2820 191 2861 α
179 2789 243 2862 ’δὲ
258 2795 401 2878 δόλιοςτ
384 2827 405 2867 α
418 2806 626 2881 πολυκτόνος
639 2802 773 2893 Κύπρις

168 2898 393 2980 Δαναίδαις”
372 2924 503 2990 αγουσα
516 2903 669 2973 θάνατον
681 2912 887 2997 Πριαμίδαις
902 2937 948 2979 τε.

170 3024 195 3065 οι
183 2987 351 3070 τάλαινα
366 3012 552 3127 συμφοράς.

108 3115 111 3120 ’
166 3127 188 3166 6
174 3095 241 3170 “66
253 3108 407 3226 χρυσέοις
419 3105 559 3195 θρόνοις

166 3200 250 3283 Διὸς
264 3201 500 3296 ὑπαγκάλισμα
514 3208 639 3297 σεμνὸν
644 3206 731 3302 Ἦρα

168 3303 227 3373 τόν
241 3303 405 3378 ὠκύπουν
420 3318 545 3399 ἔπεμψε
559 3313 770 3394 Μαιάδος’
728 3343 843 3403 μονον,
963 3402 969 3413 .

168 3402 204 3487 ὅς
217 3435 259 3495 με
272 3409 395 3501 χλοερά
409 3417 619 3503 δρεπομέναν
634 3423 699 3486 ἔσω
713 3418 849 3488 πέπλων

167 3508 268 3596 ῥόδεα
284 3515 425 3603 πέταλα,
439 3514 675 3604 χαλκίοικον’
652 3546 696 3599 ας
706 3515 855 3589 Ἀθάυαν
