<?xml version="1.0" encoding="UTF-8"?>
<!DOCTYPE html PUBLIC "-//W3C//DTD XHTML 1.0 Transitional//EN"
    "http://www.w3.org/TR/xhtml1/DTD/xhtml1-transitional.dtd">
<html xmlns="http://www.w3.org/1999/xhtml" xml:lang="en" lang="en">
 <head>
  <title>
</title>
<meta http-equiv="Content-Type" content="text/html;charset=utf-8" />
  <meta name='ocr-system' content='tesseract 3.04.00' />
  <meta name='ocr-capabilities' content='ocr_page ocr_carea ocr_par ocr_line ocrx_word'/>
</head>
<body>
  <div class='ocr_page' id='page_1' title='image "./euripidistragoe00naucgoog_0046.png"; bbox 0 0 2517 3934; ppageno 0'>
   <div class='ocr_carea' id='block_1_1' title="bbox 181 205 889 262">
    <p class='ocr_par' dir='ltr' id='par_1_1' title="bbox 181 205 889 262">
     <span class='ocr_line' id='line_1_1' title="bbox 181 205 889 262; baseline -0.003 -2"><span class='ocrx_word' id='word_1_1' title='bbox 181 209 231 262; x_wconf 81' lang='lat' dir='ltr'>XL</span> <span class='ocrx_word' id='word_1_2' title='bbox 460 205 510 258; x_wconf 80' lang='lat' dir='ltr'>DE</span> <span class='ocrx_word' id='word_1_3' title='bbox 528 205 715 258; x_wconf 81' lang='lat' dir='ltr'>EVRIPIDIS</span> <span class='ocrx_word' id='word_1_4' title='bbox 733 205 889 260; x_wconf 73' lang='lat' dir='ltr'>monnio</span> 
     </span>
    </p>
   </div>
   <div class='ocr_carea' id='block_1_2' title="bbox 174 358 1174 1950">
    <p class='ocr_par' dir='ltr' id='par_1_2' title="bbox 174 358 1174 1950">
     <span class='ocr_line' id='line_1_2' title="bbox 183 358 1172 440; baseline 0 -20"><span class='ocrx_word' id='word_1_5' title='bbox 183 377 270 440; x_wconf 92' lang='lat' dir='ltr'>qoam</span> <span class='ocrx_word' id='word_1_6' title='bbox 297 358 432 436; x_wconf 80' lang='lat' dir='ltr'>vulgares</span> <span class='ocrx_word' id='word_1_7' title='bbox 454 365 484 420; x_wconf 90' lang='lat' dir='ltr'>et</span> <span class='ocrx_word' id='word_1_8' title='bbox 509 365 660 436; x_wconf 76' lang='lat' dir='ltr'><strong>tamquam</strong></span> <span class='ocrx_word' id='word_1_9' title='bbox 683 377 699 420; x_wconf 93' lang='lat' dir='ltr'>e</span> <span class='ocrx_word' id='word_1_10' title='bbox 726 360 791 420; x_wconf 89' lang='lat' dir='ltr'>ioro</span> <span class='ocrx_word' id='word_1_11' title='bbox 818 365 848 420; x_wconf 91' lang='lat' dir='ltr'>et</span> <span class='ocrx_word' id='word_1_12' title='bbox 874 360 1026 420; x_wconf 77' lang='lat' dir='ltr'>commoni</span> <span class='ocrx_word' id='word_1_13' title='bbox 1056 360 1116 419; x_wconf 83' lang='lat' dir='ltr'>rita</span> <span class='ocrx_word' id='word_1_14' title='bbox 1135 359 1172 420; x_wconf 90' lang='lat' dir='ltr'>in</span> 
     </span>
     <span class='ocr_line' id='line_1_3' title="bbox 183 439 1173 522; baseline -0.003 -17"><span class='ocrx_word' id='word_1_15' title='bbox 183 461 318 505; x_wconf 85' lang='lat' dir='ltr'>scaenam</span> <span class='ocrx_word' id='word_1_16' title='bbox 340 439 548 521; x_wconf 82' lang='lat' dir='ltr'>traductas⁸⁴):</span> <span class='ocrx_word' id='word_1_17' title='bbox 579 443 667 504; x_wconf 92' lang='lat' dir='ltr'>modo</span> <span class='ocrx_word' id='word_1_18' title='bbox 696 461 802 522; x_wconf 87' lang='lat' dir='ltr'>pravos</span> <span class='ocrx_word' id='word_1_19' title='bbox 828 445 866 504; x_wconf 91' lang='lat' dir='ltr'>iis</span> <span class='ocrx_word' id='word_1_20' title='bbox 887 443 993 504; x_wconf 77' lang='lat' dir='ltr'>tribuit</span> <span class='ocrx_word' id='word_1_21' title='bbox 1013 460 1113 503; x_wconf 89' lang='lat' dir='ltr'>mores</span> <span class='ocrx_word' id='word_1_22' title='bbox 1138 450 1173 502; x_wconf 89' lang='lat' dir='ltr'>et</span> 
     </span>
     <span class='ocr_line' id='line_1_4' title="bbox 183 523 1170 608; baseline -0.004 -18"><span class='ocrx_word' id='word_1_23' title='bbox 183 523 371 606; x_wconf 65' lang='lat' dir='ltr'>abiectos85),</span> <span class='ocrx_word' id='word_1_24' title='bbox 400 529 489 588; x_wconf 92' lang='lat' dir='ltr'>modo</span> <span class='ocrx_word' id='word_1_25' title='bbox 517 527 639 589; x_wconf 87' lang='lat' dir='ltr'>umbras</span> <span class='ocrx_word' id='word_1_26' title='bbox 666 529 738 588; x_wconf 86' lang='lat' dir='ltr'>iacit</span> <span class='ocrx_word' id='word_1_27' title='bbox 765 545 929 605; x_wconf 75' lang='lat' dir='ltr'>exsangues</span> <span class='ocrx_word' id='word_1_28' title='bbox 956 529 1095 608; x_wconf 86' lang='lat' dir='ltr'>omnique</span> <span class='ocrx_word' id='word_1_29' title='bbox 1115 544 1170 606; x_wconf 92' lang='lat' dir='ltr'>pe·</span> 
     </span>
     <span class='ocr_line' id='line_1_5' title="bbox 183 611 1171 693; baseline -0.004 -19"><span class='ocrx_word' id='word_1_30' title='bbox 183 611 287 674; x_wconf 85' lang='lat' dir='ltr'>ouliari</span> <span class='ocrx_word' id='word_1_31' title='bbox 310 620 379 674; x_wconf 91' lang='lat' dir='ltr'>nota</span> <span class='ocrx_word' id='word_1_32' title='bbox 401 613 563 673; x_wconf 83' lang='lat' dir='ltr'>destitutas.</span> <span class='ocrx_word' id='word_1_33' title='bbox 595 613 781 690; x_wconf 78' lang='lat' dir='ltr'>vituperatur</span> <span class='ocrx_word' id='word_1_34' title='bbox 802 612 839 673; x_wconf 85' lang='lat' dir='ltr'>ab</span> <span class='ocrx_word' id='word_1_35' title='bbox 862 611 1068 693; x_wconf 76' lang='lat' dir='ltr'>Aristophane,</span> <span class='ocrx_word' id='word_1_36' title='bbox 1090 611 1171 688; x_wconf 85' lang='lat' dir='ltr'>quod</span> 
     </span>
     <span class='ocr_line' id='line_1_6' title="bbox 174 695 1170 776; baseline -0.003 -18"><span class='ocrx_word' id='word_1_37' title='bbox 174 715 270 774; x_wconf 89' lang='lat' dir='ltr'>reges</span> <span class='ocrx_word' id='word_1_38' title='bbox 293 705 323 757; x_wconf 93' lang='lat' dir='ltr'>et</span> <span class='ocrx_word' id='word_1_39' title='bbox 349 697 456 757; x_wconf 90' lang='lat' dir='ltr'>heroas</span> <span class='ocrx_word' id='word_1_40' title='bbox 483 697 588 775; x_wconf 88' lang='lat' dir='ltr'>pannis</span> <span class='ocrx_word' id='word_1_41' title='bbox 615 697 737 756; x_wconf 87' lang='lat' dir='ltr'>indutos</span> <span class='ocrx_word' id='word_1_42' title='bbox 757 695 804 757; x_wconf 86' lang='lat' dir='ltr'>rel</span> <span class='ocrx_word' id='word_1_43' title='bbox 826 696 947 757; x_wconf 85' lang='lat' dir='ltr'>claudos</span> <span class='ocrx_word' id='word_1_44' title='bbox 968 697 1170 776; x_wconf 78' lang='lat' dir='ltr'>proposuerit,</span> 
     </span>
     <span class='ocr_line' id='line_1_7' title="bbox 182 779 1171 860; baseline -0.004 -18"><span class='ocrx_word' id='word_1_45' title='bbox 182 782 262 860; x_wconf 89' lang='lat' dir='ltr'>quod</span> <span class='ocrx_word' id='word_1_46' title='bbox 285 783 386 857; x_wconf 77' lang='lat' dir='ltr'>Augen</span> <span class='ocrx_word' id='word_1_47' title='bbox 409 781 440 839; x_wconf 93' lang='lat' dir='ltr'>in</span> <span class='ocrx_word' id='word_1_48' title='bbox 464 779 574 858; x_wconf 88' lang='lat' dir='ltr'>templo</span> <span class='ocrx_word' id='word_1_49' title='bbox 596 783 776 859; x_wconf 84' lang='lat' dir='ltr'>parientem,</span> <span class='ocrx_word' id='word_1_50' title='bbox 805 780 970 841; x_wconf 87' lang='lat' dir='ltr'>Phaedram</span> <span class='ocrx_word' id='word_1_51' title='bbox 992 787 1023 842; x_wconf 90' lang='lat' dir='ltr'>et</span> <span class='ocrx_word' id='word_1_52' title='bbox 1043 779 1171 841; x_wconf 87' lang='lat' dir='ltr'>Sthene-</span> 
     </span>
     <span class='ocr_line' id='line_1_8' title="bbox 184 859 1171 944; baseline -0.003 -19"><span class='ocrx_word' id='word_1_53' title='bbox 184 866 290 925; x_wconf 90' lang='lat' dir='ltr'>hoeam</span> <span class='ocrx_word' id='word_1_54' title='bbox 318 863 467 925; x_wconf 88' lang='lat' dir='ltr'>adulteras</span> <span class='ocrx_word' id='word_1_55' title='bbox 494 864 611 934; x_wconf 85' lang='lat' dir='ltr'>iecerit,</span> <span class='ocrx_word' id='word_1_56' title='bbox 647 859 726 944; x_wconf 91' lang='lat' dir='ltr'>quod</span> <span class='ocrx_word' id='word_1_57' title='bbox 753 865 882 926; x_wconf 83' lang='lat' dir='ltr'>Macarei</span> <span class='ocrx_word' id='word_1_58' title='bbox 909 872 940 925; x_wconf 85' lang='lat' dir='ltr'>et</span> <span class='ocrx_word' id='word_1_59' title='bbox 966 865 1098 926; x_wconf 77' lang='lat' dir='ltr'>Genetes</span> <span class='ocrx_word' id='word_1_60' title='bbox 1123 865 1171 923; x_wconf 93' lang='lat' dir='ltr'>in·</span> 
     </span>
     <span class='ocr_line' id='line_1_9' title="bbox 184 945 1173 1027; baseline -0.003 -17"><span class='ocrx_word' id='word_1_61' title='bbox 184 955 296 1010; x_wconf 86' lang='lat' dir='ltr'>costum</span> <span class='ocrx_word' id='word_1_62' title='bbox 320 956 350 1008; x_wconf 91' lang='lat' dir='ltr'>et</span> <span class='ocrx_word' id='word_1_63' title='bbox 372 946 521 1027; x_wconf 87' lang='lat' dir='ltr'>quaelibet</span> <span class='ocrx_word' id='word_1_64' title='bbox 548 946 662 1009; x_wconf 87' lang='lat' dir='ltr'>scelera</span> <span class='ocrx_word' id='word_1_65' title='bbox 685 956 714 1008; x_wconf 89' lang='lat' dir='ltr'>et</span> <span class='ocrx_word' id='word_1_66' title='bbox 740 947 849 1026; x_wconf 80' lang='lat' dir='ltr'>flagitia</span> <span class='ocrx_word' id='word_1_67' title='bbox 877 945 1093 1027; x_wconf 78' lang='lat' dir='ltr'>divulgarii⁸⁶):</span> <span class='ocrx_word' id='word_1_68' title='bbox 1115 965 1173 1008; x_wconf 85' lang='lat' dir='ltr'>neo</span> 
     </span>
     <span class='ocr_line' id='line_1_10' title="bbox 185 1032 1172 1111; baseline -0.001 -18"><span class='ocrx_word' id='word_1_69' title='bbox 185 1039 282 1110; x_wconf 88' lang='lat' dir='ltr'>potest</span> <span class='ocrx_word' id='word_1_70' title='bbox 309 1034 412 1109; x_wconf 88' lang='lat' dir='ltr'>negari</span> <span class='ocrx_word' id='word_1_71' title='bbox 441 1032 614 1110; x_wconf 90' lang='lat' dir='ltr'>dignitatem</span> <span class='ocrx_word' id='word_1_72' title='bbox 642 1033 812 1111; x_wconf 80' lang='lat' dir='ltr'>tragoediae</span> <span class='ocrx_word' id='word_1_73' title='bbox 840 1039 1021 1093; x_wconf 89' lang='lat' dir='ltr'>attenuatam</span> <span class='ocrx_word' id='word_1_74' title='bbox 1048 1049 1114 1093; x_wconf 86' lang='lat' dir='ltr'>esse</span> <span class='ocrx_word' id='word_1_75' title='bbox 1141 1040 1172 1092; x_wconf 90' lang='lat' dir='ltr'>et</span> 
     </span>
     <span class='ocr_line' id='line_1_11' title="bbox 184 1117 1171 1196; baseline -0.004 -18"><span class='ocrx_word' id='word_1_76' title='bbox 184 1117 408 1178; x_wconf 87' lang='lat' dir='ltr'>sanctimoniam</span> <span class='ocrx_word' id='word_1_77' title='bbox 437 1117 617 1176; x_wconf 87' lang='lat' dir='ltr'>deminutam</span> <span class='ocrx_word' id='word_1_78' title='bbox 642 1117 679 1177; x_wconf 93' lang='lat' dir='ltr'>ab</span> <span class='ocrx_word' id='word_1_79' title='bbox 702 1135 737 1176; x_wconf 90' lang='lat' dir='ltr'>eo</span> <span class='ocrx_word' id='word_1_80' title='bbox 759 1125 860 1194; x_wconf 87' lang='lat' dir='ltr'>poeta,</span> <span class='ocrx_word' id='word_1_81' title='bbox 888 1119 939 1196; x_wconf 91' lang='lat' dir='ltr'>qui</span> <span class='ocrx_word' id='word_1_82' title='bbox 961 1117 1016 1177; x_wconf 81' lang='lat' dir='ltr'>‘ad</span> <span class='ocrx_word' id='word_1_83' title='bbox 1044 1134 1094 1176; x_wconf 91' lang='lat' dir='ltr'>res</span> <span class='ocrx_word' id='word_1_84' title='bbox 1115 1117 1171 1174; x_wconf 92' lang='lat' dir='ltr'>mi·</span> 
     </span>
     <span class='ocr_line' id='line_1_12' title="bbox 184 1197 1172 1281; baseline -0.005 -18"><span class='ocrx_word' id='word_1_85' title='bbox 184 1209 273 1263; x_wconf 91' lang='lat' dir='ltr'>nutas</span> <span class='ocrx_word' id='word_1_86' title='bbox 289 1208 318 1260; x_wconf 86' lang='lat' dir='ltr'>et</span> <span class='ocrx_word' id='word_1_87' title='bbox 330 1200 505 1263; x_wconf 85' lang='lat' dir='ltr'>domesticas</span> <span class='ocrx_word' id='word_1_88' title='bbox 519 1200 726 1281; x_wconf 82' lang='lat' dir='ltr'>Melpomenen</span> <span class='ocrx_word' id='word_1_89' title='bbox 749 1197 981 1277; x_wconf 64' lang='lat' dir='ltr'>detruserit’ffl).</span> <span class='ocrx_word' id='word_1_90' title='bbox 1019 1201 1172 1278; x_wconf 90' lang='lat' dir='ltr'>egregium</span> 
     </span>
     <span class='ocr_line' id='line_1_13' title="bbox 184 1284 1173 1362; baseline -0.004 -16"><span class='ocrx_word' id='word_1_91' title='bbox 184 1305 254 1348; x_wconf 89' lang='lat' dir='ltr'>vero</span> <span class='ocrx_word' id='word_1_92' title='bbox 284 1285 466 1346; x_wconf 85' lang='lat' dir='ltr'>admiramur</span> <span class='ocrx_word' id='word_1_93' title='bbox 492 1286 637 1346; x_wconf 77' lang='lat' dir='ltr'>artificem</span> <span class='ocrx_word' id='word_1_94' title='bbox 664 1287 696 1346; x_wconf 93' lang='lat' dir='ltr'>in</span> <span class='ocrx_word' id='word_1_95' title='bbox 718 1284 914 1362; x_wconf 83' lang='lat' dir='ltr'>depingendis</span> <span class='ocrx_word' id='word_1_96' title='bbox 935 1284 1089 1346; x_wconf 83' lang='lat' dir='ltr'>aiiectibns</span> <span class='ocrx_word' id='word_1_97' title='bbox 1111 1291 1173 1344; x_wconf 87' lang='lat' dir='ltr'>tam</span> 
     </span>
     <span class='ocr_line' id='line_1_14' title="bbox 184 1366 1172 1448; baseline -0.005 -18"><span class='ocrx_word' id='word_1_98' title='bbox 184 1370 301 1431; x_wconf 87' lang='lat' dir='ltr'>lenibus</span> <span class='ocrx_word' id='word_1_99' title='bbox 329 1388 417 1448; x_wconf 89' lang='lat' dir='ltr'>quam</span> <span class='ocrx_word' id='word_1_100' title='bbox 447 1369 640 1429; x_wconf 86' lang='lat' dir='ltr'>vehementer</span> <span class='ocrx_word' id='word_1_101' title='bbox 671 1366 884 1448; x_wconf 61' lang='lat' dir='ltr'>concitatisffl),</span> <span class='ocrx_word' id='word_1_102' title='bbox 914 1385 949 1427; x_wconf 88' lang='lat' dir='ltr'>ae</span> <span class='ocrx_word' id='word_1_103' title='bbox 983 1369 1172 1429; x_wconf 84' lang='lat' dir='ltr'>verissimum</span> 
     </span>
     <span class='ocr_line' id='line_1_15' title="bbox 185 1447 1173 1532; baseline -0.006 -18"><span class='ocrx_word' id='word_1_104' title='bbox 185 1462 231 1514; x_wconf 88' lang='lat' dir='ltr'>est</span> <span class='ocrx_word' id='word_1_105' title='bbox 260 1452 339 1532; x_wconf 91' lang='lat' dir='ltr'>quod</span> <span class='ocrx_word' id='word_1_106' title='bbox 361 1451 535 1513; x_wconf 76' lang='lat' dir='ltr'>Aristoteles</span> <span class='ocrx_word' id='word_1_107' title='bbox 564 1451 731 1531; x_wconf 87' lang='lat' dir='ltr'>praedicat,</span> <span class='ocrx_word' id='word_1_108' title='bbox 758 1447 776 1512; x_wconf 86' lang='lat' dir='ltr'>d</span> <span class='ocrx_word' id='word_1_109' title='bbox 798 1447 980 1531; x_wconf 75' lang='grc' dir='ltr'><em>Εὐριπίδης,</em></span> <span class='ocrx_word' id='word_1_110' title='bbox 1009 1451 1037 1512; x_wconf 83' lang='grc' dir='ltr'>κ’</span> <span class='ocrx_word' id='word_1_111' title='bbox 1061 1447 1113 1511; x_wconf 79' lang='grc' dir='ltr'>καλ</span> <span class='ocrx_word' id='word_1_112' title='bbox 1136 1447 1173 1509; x_wconf 74' lang='grc' dir='ltr'><em>τὰ</em></span> 
     </span>
     <span class='ocr_line' id='line_1_16' title="bbox 184 1527 1173 1615; baseline -0.002 -19"><span class='ocrx_word' id='word_1_113' title='bbox 184 1535 259 1596; x_wconf 67' lang='grc' dir='ltr'><em>ἄλλα</em></span> <span class='ocrx_word' id='word_1_114' title='bbox 280 1533 320 1614; x_wconf 77' lang='grc' dir='ltr'>μὴ</span> <span class='ocrx_word' id='word_1_115' title='bbox 350 1527 385 1595; x_wconf 72' lang='grc' dir='ltr'>εὖ</span> <span class='ocrx_word' id='word_1_116' title='bbox 407 1537 557 1613; x_wconf 79' lang='grc' dir='ltr'><em>οἰκονομεῖ</em></span> <span class='ocrx_word' id='word_1_117' title='bbox 562 1579 571 1611; x_wconf 89' lang='grc'>,</span> <span class='ocrx_word' id='word_1_118' title='bbox 599 1531 673 1594; x_wconf 77' lang='lat' dir='ltr'>dttd</span> <span class='ocrx_word' id='word_1_119' title='bbox 701 1534 916 1615; x_wconf 74' lang='lat' dir='ltr'>rpuytxairerdg</span> <span class='ocrx_word' id='word_1_120' title='bbox 936 1556 970 1615; x_wconf 79' lang='grc' dir='ltr'>γε</span> <span class='ocrx_word' id='word_1_121' title='bbox 996 1543 1058 1594; x_wconf 73' lang='grc' dir='ltr'><em>τῶν</em></span> <span class='ocrx_word' id='word_1_122' title='bbox 1083 1555 1173 1612; x_wconf 83' lang='grc' dir='ltr'><em>ποιη-</em></span> 
     </span>
     <span class='ocr_line' id='line_1_17' title="bbox 185 1617 1174 1699; baseline -0.001 -19"><span class='ocrx_word' id='word_1_123' title='bbox 185 1629 246 1680; x_wconf 72' lang='grc' dir='ltr'><em>τολν</em></span> <span class='ocrx_word' id='word_1_124' title='bbox 267 1617 458 1699; x_wconf 50' lang='lat' dir='ltr'>patratur).</span> <span class='ocrx_word' id='word_1_125' title='bbox 503 1621 610 1680; x_wconf 86' lang='lat' dir='ltr'>imitati</span> <span class='ocrx_word' id='word_1_126' title='bbox 639 1627 708 1679; x_wconf 93' lang='lat' dir='ltr'>sunt</span> <span class='ocrx_word' id='word_1_127' title='bbox 729 1620 901 1698; x_wconf 88' lang='lat' dir='ltr'>Euripidem</span> <span class='ocrx_word' id='word_1_128' title='bbox 929 1621 980 1695; x_wconf 90' lang='lat' dir='ltr'>qui</span> <span class='ocrx_word' id='word_1_129' title='bbox 1007 1629 1077 1697; x_wconf 87' lang='lat' dir='ltr'>post</span> <span class='ocrx_word' id='word_1_130' title='bbox 1103 1637 1174 1679; x_wconf 88' lang='lat' dir='ltr'>enm</span> 
     </span>
     <span class='ocr_line' id='line_1_18' title="bbox 185 1703 1174 1781; baseline -0.002 -16"><span class='ocrx_word' id='word_1_131' title='bbox 185 1705 221 1765; x_wconf 93' lang='lat' dir='ltr'>ad</span> <span class='ocrx_word' id='word_1_132' title='bbox 251 1703 431 1781; x_wconf 90' lang='lat' dir='ltr'>tragoediam</span> <span class='ocrx_word' id='word_1_133' title='bbox 461 1713 668 1772; x_wconf 85' lang='lat' dir='ltr'>accesseruut;</span> <span class='ocrx_word' id='word_1_134' title='bbox 698 1704 825 1763; x_wconf 91' lang='lat' dir='ltr'>eundem</span> <span class='ocrx_word' id='word_1_135' title='bbox 854 1705 958 1765; x_wconf 85' lang='lat' dir='ltr'>comici</span> <span class='ocrx_word' id='word_1_136' title='bbox 980 1710 1086 1781; x_wconf 91' lang='lat' dir='ltr'>poetae</span> <span class='ocrx_word' id='word_1_137' title='bbox 1108 1711 1174 1763; x_wconf 89' lang='lat' dir='ltr'>tum</span> 
     </span>
     <span class='ocr_line' id='line_1_19' title="bbox 185 1785 1174 1867; baseline -0.003 -18"><span class='ocrx_word' id='word_1_138' title='bbox 185 1793 397 1867; x_wconf 84' lang='lat' dir='ltr'>impugnarunt</span> <span class='ocrx_word' id='word_1_139' title='bbox 429 1787 528 1847; x_wconf 90' lang='lat' dir='ltr'>dedita</span> <span class='ocrx_word' id='word_1_140' title='bbox 561 1804 652 1867; x_wconf 89' lang='lat' dir='ltr'>opera</span> <span class='ocrx_word' id='word_1_141' title='bbox 685 1795 748 1847; x_wconf 89' lang='lat' dir='ltr'>tum</span> <span class='ocrx_word' id='word_1_142' title='bbox 785 1786 943 1847; x_wconf 86' lang='lat' dir='ltr'>laudarunt</span> <span class='ocrx_word' id='word_1_143' title='bbox 972 1794 1003 1847; x_wconf 94' lang='lat' dir='ltr'>et</span> <span class='ocrx_word' id='word_1_144' title='bbox 1034 1785 1174 1846; x_wconf 88' lang='lat' dir='ltr'>admirati</span> 
     </span>
     <span class='ocr_line' id='line_1_20' title="bbox 186 1869 1172 1950; baseline -0.004 -16"><span class='ocrx_word' id='word_1_145' title='bbox 186 1881 270 1941; x_wconf 87' lang='lat' dir='ltr'>sunt;</span> <span class='ocrx_word' id='word_1_146' title='bbox 292 1875 363 1932; x_wconf 88' lang='lat' dir='ltr'>item</span> <span class='ocrx_word' id='word_1_147' title='bbox 386 1870 552 1950; x_wconf 90' lang='lat' dir='ltr'>philosophi</span> <span class='ocrx_word' id='word_1_148' title='bbox 572 1879 602 1931; x_wconf 89' lang='lat' dir='ltr'>et</span> <span class='ocrx_word' id='word_1_149' title='bbox 623 1873 752 1931; x_wconf 80' lang='lat' dir='ltr'>cuiusvis</span> <span class='ocrx_word' id='word_1_150' title='bbox 767 1874 884 1946; x_wconf 88' lang='lat' dir='ltr'>generis</span> <span class='ocrx_word' id='word_1_151' title='bbox 906 1872 1067 1950; x_wconf 86' lang='lat' dir='ltr'>scriptores</span> <span class='ocrx_word' id='word_1_152' title='bbox 1087 1869 1172 1931; x_wconf 88' lang='lat' dir='ltr'>lecti·</span> 
     </span>
    </p>
   </div>
   <div class='ocr_carea' id='block_1_3' title="bbox 185 1954 1173 2102">
    <p class='ocr_par' dir='ltr' id='par_1_3' title="bbox 185 1954 1173 2102">
     <span class='ocr_line' id='line_1_21' title="bbox 185 1954 1173 2035; baseline -0.001 -18"><span class='ocrx_word' id='word_1_153' title='bbox 185 1963 286 2017; x_wconf 85' lang='lat' dir='ltr'>tarnnt</span> <span class='ocrx_word' id='word_1_154' title='bbox 309 1957 372 2015; x_wconf 92' lang='lat' dir='ltr'>eius</span> <span class='ocrx_word' id='word_1_155' title='bbox 394 1956 562 2032; x_wconf 85' lang='lat' dir='ltr'>tragoedias</span> <span class='ocrx_word' id='word_1_156' title='bbox 577 1961 606 2014; x_wconf 90' lang='lat' dir='ltr'>et</span> <span class='ocrx_word' id='word_1_157' title='bbox 627 1954 719 2014; x_wconf 87' lang='lat' dir='ltr'>multa</span> <span class='ocrx_word' id='word_1_158' title='bbox 733 1954 803 2014; x_wconf 93' lang='lat' dir='ltr'>inde</span> <span class='ocrx_word' id='word_1_159' title='bbox 824 1956 1074 2035; x_wconf 90' lang='lat' dir='ltr'>deprompserunt</span> <span class='ocrx_word' id='word_1_160' title='bbox 1096 1971 1173 2032; x_wconf 87' lang='lat' dir='ltr'>quae</span> 
     </span>
     <span class='ocr_line' id='line_1_22' title="bbox 185 2042 673 2102; baseline -0.01 1"><span class='ocrx_word' id='word_1_161' title='bbox 185 2042 217 2102; x_wconf 89' lang='lat' dir='ltr'>in</span> <span class='ocrx_word' id='word_1_162' title='bbox 238 2059 326 2102; x_wconf 90' lang='lat' dir='ltr'>usum</span> <span class='ocrx_word' id='word_1_163' title='bbox 348 2058 434 2100; x_wconf 90' lang='lat' dir='ltr'>suum</span> <span class='ocrx_word' id='word_1_164' title='bbox 458 2046 673 2099; x_wconf 85' lang='lat' dir='ltr'>converterent.</span> 
     </span>
    </p>
   </div>
   <div class='ocr_carea' id='block_1_4' title="bbox 186 2218 1176 3632">
    <p class='ocr_par' dir='ltr' id='par_1_4' title="bbox 189 2218 1172 2356">
     <span class='ocr_line' id='line_1_23' title="bbox 253 2218 1172 2289; baseline 0 -14"><span class='ocrx_word' id='word_1_165' title='bbox 253 2224 297 2287; x_wconf 85' lang='grc'>84)</span> <span class='ocrx_word' id='word_1_166' title='bbox 317 2223 360 2274; x_wconf 81' lang='lat' dir='ltr'>Oi.</span> <span class='ocrx_word' id='word_1_167' title='bbox 378 2224 492 2272; x_wconf 84' lang='lat' dir='ltr'>Aristot.</span> <span class='ocrx_word' id='word_1_168' title='bbox 510 2223 588 2277; x_wconf 81' lang='lat' dir='ltr'>Poet.</span> <span class='ocrx_word' id='word_1_169' title='bbox 612 2239 636 2272; x_wconf 87' lang='lat' dir='ltr'>e.</span> <span class='ocrx_word' id='word_1_170' title='bbox 654 2224 688 2272; x_wconf 75' lang='grc' dir='ltr'>λδ</span> <span class='ocrx_word' id='word_1_171' title='bbox 710 2238 736 2287; x_wconf 78' lang='grc' dir='ltr'>ρ,</span> <span class='ocrx_word' id='word_1_172' title='bbox 756 2223 847 2272; x_wconf 68' lang='grc'>14608</span> <span class='ocrx_word' id='word_1_173' title='bbox 866 2225 911 2273; x_wconf 79' lang='lat'>33:</span> <span class='ocrx_word' id='word_1_174' title='bbox 936 2219 1091 2288; x_wconf 72' lang='grc' dir='ltr'><em>Σοφοκλῆς</em></span> <span class='ocrx_word' id='word_1_175' title='bbox 1114 2218 1172 2289; x_wconf 82' lang='grc' dir='ltr'>ἔφη</span> 
     </span>
     <span class='ocr_line' id='line_1_24' title="bbox 189 2281 1029 2356; baseline -0.006 -12"><span class='ocrx_word' id='word_1_176' title='bbox 189 2281 278 2350; x_wconf 71' lang='grc' dir='ltr'><em>αὐτὸς</em></span> <span class='ocrx_word' id='word_1_177' title='bbox 295 2284 349 2356; x_wconf 71' lang='grc' dir='ltr'>μὲν</span> <span class='ocrx_word' id='word_1_178' title='bbox 366 2289 447 2348; x_wconf 71' lang='lat' dir='ltr'>odona</span> <span class='ocrx_word' id='word_1_179' title='bbox 465 2287 514 2339; x_wconf 78' lang='lat' dir='ltr'>dai</span> <span class='ocrx_word' id='word_1_180' title='bbox 529 2293 635 2350; x_wconf 79' lang='grc' dir='ltr'><em>ποιεῖν,</em></span> <span class='ocrx_word' id='word_1_181' title='bbox 654 2281 820 2354; x_wconf 72' lang='grc' dir='ltr'><strong><em>Εὐριπίδην</em></strong></span> <span class='ocrx_word' id='word_1_182' title='bbox 838 2285 871 2340; x_wconf 78' lang='lat' dir='ltr'>oi</span> <span class='ocrx_word' id='word_1_183' title='bbox 889 2284 946 2340; x_wconf 88' lang='grc' dir='ltr'><em>σίοι</em></span> <span class='ocrx_word' id='word_1_184' title='bbox 965 2287 1029 2342; x_wconf 77' lang='grc' dir='ltr'><em>τίσί.</em></span> 
     </span>
    </p>

    <p class='ocr_par' dir='ltr' id='par_1_5' title="bbox 186 2349 1173 2554">
     <span class='ocr_line' id='line_1_25' title="bbox 254 2349 1172 2422; baseline -0.001 -13"><span class='ocrx_word' id='word_1_185' title='bbox 254 2357 297 2422; x_wconf 82' lang='grc'>85)</span> <span class='ocrx_word' id='word_1_186' title='bbox 316 2358 386 2407; x_wconf 87' lang='lat' dir='ltr'>Vide</span> <span class='ocrx_word' id='word_1_187' title='bbox 404 2373 430 2410; x_wconf 87' lang='lat' dir='ltr'>v.</span> <span class='ocrx_word' id='word_1_188' title='bbox 450 2372 474 2406; x_wconf 88' lang='grc' dir='ltr'>ο.</span> <span class='ocrx_word' id='word_1_189' title='bbox 487 2357 598 2420; x_wconf 80' lang='lat' dir='ltr'>Argum.</span> <span class='ocrx_word' id='word_1_190' title='bbox 617 2357 683 2407; x_wconf 85' lang='lat' dir='ltr'>Eur.</span> <span class='ocrx_word' id='word_1_191' title='bbox 702 2356 748 2406; x_wconf 89' lang='lat' dir='ltr'>Or.</span> <span class='ocrx_word' id='word_1_192' title='bbox 766 2372 792 2421; x_wconf 91' lang='lat' dir='ltr'>p.</span> <span class='ocrx_word' id='word_1_193' title='bbox 806 2359 865 2416; x_wconf 80' lang='lat'>244,</span> <span class='ocrx_word' id='word_1_194' title='bbox 884 2349 978 2407; x_wconf 66' lang='lat'><strong>18:26</strong></span> <span class='ocrx_word' id='word_1_195' title='bbox 998 2354 1097 2422; x_wconf 80' lang='grc' dir='ltr'><em>δρᾶμα</em></span> <span class='ocrx_word' id='word_1_196' title='bbox 1114 2356 1172 2408; x_wconf 77' lang='grc' dir='ltr'><em>τῶν</em></span> 
     </span>
     <span class='ocr_line' id='line_1_26' title="bbox 186 2415 1173 2492; baseline -0.002 -14"><span class='ocrx_word' id='word_1_197' title='bbox 186 2419 234 2478; x_wconf 73' lang='grc' dir='ltr'>ἐπὶ</span> <span class='ocrx_word' id='word_1_198' title='bbox 247 2423 354 2491; x_wconf 80' lang='grc' dir='ltr'><strong><em>σκηνῆς</em></strong></span> <span class='ocrx_word' id='word_1_199' title='bbox 368 2416 607 2488; x_wconf 71' lang='grc' dir='ltr'><em>είδσκιμούντων,</em></span> <span class='ocrx_word' id='word_1_200' title='bbox 626 2423 768 2487; x_wconf 82' lang='grc' dir='ltr'><strong><em>χείριστον</em></strong></span> <span class='ocrx_word' id='word_1_201' title='bbox 781 2418 813 2474; x_wconf 69' lang='grc' dir='ltr'>δὲ</span> <span class='ocrx_word' id='word_1_202' title='bbox 825 2425 886 2482; x_wconf 79' lang='grc' dir='ltr'><em>τοῖς</em></span> <span class='ocrx_word' id='word_1_203' title='bbox 902 2415 1004 2487; x_wconf 73' lang='grc' dir='ltr'><em>ἤθεσι·</em></span> <span class='ocrx_word' id='word_1_204' title='bbox 1021 2417 1100 2489; x_wconf 75' lang='grc' dir='ltr'><em>πλὴν</em></span> <span class='ocrx_word' id='word_1_205' title='bbox 1115 2417 1173 2492; x_wconf 74' lang='grc' dir='ltr'>γὰρ</span> 
     </span>
     <span class='ocr_line' id='line_1_27' title="bbox 187 2486 682 2554; baseline -0.012 -9"><span class='ocrx_word' id='word_1_206' title='bbox 187 2486 329 2545; x_wconf 75' lang='grc' dir='ltr'><em>Πυλάδου</em></span> <span class='ocrx_word' id='word_1_207' title='bbox 346 2488 453 2550; x_wconf 81' lang='grc' dir='ltr'><em>πάντες</em></span> <span class='ocrx_word' id='word_1_208' title='bbox 472 2490 584 2554; x_wconf 79' lang='grc' dir='ltr'><em>φαῦλοί</em></span> <span class='ocrx_word' id='word_1_209' title='bbox 600 2487 682 2542; x_wconf 81' lang='grc' dir='ltr'><em>τίσιν.</em></span> 
     </span>
    </p>

    <p class='ocr_par' dir='ltr' id='par_1_6' title="bbox 188 2556 1172 2692">
     <span class='ocr_line' id='line_1_28' title="bbox 253 2556 1172 2625; baseline -0.002 -15"><span class='ocrx_word' id='word_1_210' title='bbox 253 2560 297 2625; x_wconf 87' lang='grc'>86)</span> <span class='ocrx_word' id='word_1_211' title='bbox 315 2559 361 2610; x_wconf 86' lang='lat' dir='ltr'>Ar.</span> <span class='ocrx_word' id='word_1_212' title='bbox 376 2559 445 2611; x_wconf 75' lang='lat' dir='ltr'>Aah.</span> <span class='ocrx_word' id='word_1_213' title='bbox 458 2560 508 2608; x_wconf 77' lang='lat'>412</span> <span class='ocrx_word' id='word_1_214' title='bbox 520 2573 580 2624; x_wconf 87' lang='lat' dir='ltr'>sqq.</span> <span class='ocrx_word' id='word_1_215' title='bbox 598 2559 668 2609; x_wconf 85' lang='lat' dir='ltr'>Nub.</span> <span class='ocrx_word' id='word_1_216' title='bbox 683 2560 747 2610; x_wconf 81' lang='grc'>1871</span> <span class='ocrx_word' id='word_1_217' title='bbox 765 2558 832 2609; x_wconf 83' lang='grc' dir='ltr'><em>Ροο.</em></span> <span class='ocrx_word' id='word_1_218' title='bbox 845 2559 894 2609; x_wconf 76' lang='grc'>147</span> <span class='ocrx_word' id='word_1_219' title='bbox 910 2556 1018 2608; x_wconf 75' lang='grc' dir='ltr'><em>’Πτοοπκ</em></span> <span class='ocrx_word' id='word_1_220' title='bbox 1031 2559 1082 2610; x_wconf 73' lang='lat' dir='ltr'>wi</span> <span class='ocrx_word' id='word_1_221' title='bbox 1100 2559 1172 2616; x_wconf 81' lang='lat' dir='ltr'>Bau.</span> 
     </span>
     <span class='ocr_line' id='line_1_29' title="bbox 188 2629 496 2692; baseline -0.01 -14"><span class='ocrx_word' id='word_1_222' title='bbox 188 2629 253 2680; x_wconf 85' lang='lat'>1043</span> <span class='ocrx_word' id='word_1_223' title='bbox 275 2630 339 2680; x_wconf 85' lang='grc'>1063</span> <span class='ocrx_word' id='word_1_224' title='bbox 360 2630 496 2692; x_wconf 70' lang='grc' dir='ltr'>λθλθσριρ.</span> 
     </span>
    </p>

    <p class='ocr_par' dir='ltr' id='par_1_7' title="bbox 186 2691 1174 3014">
     <span class='ocr_line' id='line_1_30' title="bbox 253 2691 1174 2758; baseline -0.004 -11"><span class='ocrx_word' id='word_1_225' title='bbox 253 2696 298 2758; x_wconf 84' lang='grc'>87)</span> <span class='ocrx_word' id='word_1_226' title='bbox 316 2696 415 2746; x_wconf 88' lang='lat' dir='ltr'>Verbis</span> <span class='ocrx_word' id='word_1_227' title='bbox 433 2699 498 2744; x_wconf 90' lang='lat' dir='ltr'>utor</span> <span class='ocrx_word' id='word_1_228' title='bbox 514 2693 630 2744; x_wconf 87' lang='lat' dir='ltr'>Porseni</span> <span class='ocrx_word' id='word_1_229' title='bbox 642 2692 672 2741; x_wconf 89' lang='lat' dir='ltr'>in</span> <span class='ocrx_word' id='word_1_230' title='bbox 684 2693 749 2742; x_wconf 82' lang='lat' dir='ltr'>Eur.</span> <span class='ocrx_word' id='word_1_231' title='bbox 761 2693 807 2743; x_wconf 88' lang='lat' dir='ltr'>Or.</span> <span class='ocrx_word' id='word_1_232' title='bbox 821 2693 896 2742; x_wconf 75' lang='lat'>1106.</span> <span class='ocrx_word' id='word_1_233' title='bbox 926 2707 983 2742; x_wconf 88' lang='lat' dir='ltr'>rem</span> <span class='ocrx_word' id='word_1_234' title='bbox 1000 2691 1092 2756; x_wconf 86' lang='lat' dir='ltr'>lepide</span> <span class='ocrx_word' id='word_1_235' title='bbox 1109 2691 1174 2743; x_wconf 87' lang='lat' dir='ltr'>illu·</span> 
     </span>
     <span class='ocr_line' id='line_1_31' title="bbox 186 2748 1174 2836; baseline -0.002 -22"><span class='ocrx_word' id='word_1_236' title='bbox 186 2767 258 2814; x_wconf 87' lang='lat' dir='ltr'>strat</span> <span class='ocrx_word' id='word_1_237' title='bbox 270 2765 316 2814; x_wconf 85' lang='lat' dir='ltr'>Ar.</span> <span class='ocrx_word' id='word_1_238' title='bbox 330 2765 399 2814; x_wconf 78' lang='lat' dir='ltr'>Rau.</span> <span class='ocrx_word' id='word_1_239' title='bbox 410 2763 473 2816; x_wconf 84' lang='lat'>980:</span> <span class='ocrx_word' id='word_1_240' title='bbox 486 2758 539 2812; x_wconf 81' lang='grc' dir='ltr'>νῦν</span> <span class='ocrx_word' id='word_1_241' title='bbox 551 2757 622 2826; x_wconf 78' lang='grc' dir='ltr'><em>γοῦν</em></span> <span class='ocrx_word' id='word_1_242' title='bbox 632 2750 793 2822; x_wconf 72' lang='grc' dir='ltr'><em>Ἀθηναίων</em></span> <span class='ocrx_word' id='word_1_243' title='bbox 802 2748 880 2836; x_wconf 66' lang='grc' dir='ltr'><em>ἅπας</em></span> <span class='ocrx_word' id='word_1_244' title='bbox 889 2775 933 2817; x_wconf 87' lang='grc' dir='ltr'>τις</span> <span class='ocrx_word' id='word_1_245' title='bbox 944 2753 1041 2810; x_wconf 68' lang='lat' dir='ltr'>aimoin</span> <span class='ocrx_word' id='word_1_246' title='bbox 1050 2754 1174 2826; x_wconf 74' lang='grc' dir='ltr'>κέκραγε</span> 
     </span>
     <span class='ocr_line' id='line_1_32' title="bbox 186 2817 1174 2908; baseline -0.002 -29"><span class='ocrx_word' id='word_1_247' title='bbox 186 2821 257 2908; x_wconf 74' lang='grc' dir='ltr'>πρὸς</span> <span class='ocrx_word' id='word_1_248' title='bbox 275 2822 342 2886; x_wconf 74' lang='grc' dir='ltr'>τούς</span> <span class='ocrx_word' id='word_1_249' title='bbox 356 2825 469 2885; x_wconf 79' lang='grc' dir='ltr'>οἰκέτας</span> <span class='ocrx_word' id='word_1_250' title='bbox 483 2827 613 2892; x_wconf 78' lang='grc' dir='ltr'><em>ζητεῖτε,</em></span> <span class='ocrx_word' id='word_1_251' title='bbox 632 2824 690 2877; x_wconf 81' lang='grc' dir='ltr'>ποῦ</span> <span class='ocrx_word' id='word_1_252' title='bbox 703 2820 780 2877; x_wconf 79' lang='grc' dir='ltr'><em>ἔστιν</em></span> <span class='ocrx_word' id='word_1_253' title='bbox 807 2817 815 2837; x_wconf 78' lang='lat'><em>‘</em></span> <span class='ocrx_word' id='word_1_254' title='bbox 835 2842 940 2891; x_wconf 72' lang='grc' dir='ltr'><em>χντρας</em></span> <span class='ocrx_word' id='word_1_255' title='bbox 959 2825 1003 2884; x_wconf 87' lang='grc' dir='ltr'><em>τίς</em></span> <span class='ocrx_word' id='word_1_256' title='bbox 1014 2821 1068 2892; x_wconf 84' lang='grc' dir='ltr'><em>τὴν</em></span> <span class='ocrx_word' id='word_1_257' title='bbox 1080 2842 1174 2891; x_wconf 79' lang='grc' dir='ltr'><em>κεφα·</em></span> 
     </span>
     <span class='ocr_line' id='line_1_33' title="bbox 187 2843 1173 3014; baseline 0.001 -70"><span class='ocrx_word' id='word_1_258' title='bbox 187 2897 241 3014; x_wconf 38' lang='grc' dir='ltr'>ἔην</span> <span class='ocrx_word' id='word_1_259' title='bbox 259 2886 443 3011; x_wconf 55' lang='grc' dir='ltr'><em>ἄπεδήδοιὲεν</em></span> <span class='ocrx_word' id='word_1_260' title='bbox 460 2893 511 2959; x_wconf 86' lang='grc' dir='ltr'><em>τῆς</em></span> <span class='ocrx_word' id='word_1_261' title='bbox 529 2891 679 2956; x_wconf 57' lang='lat' dir='ltr'>putridum</span> <span class='ocrx_word' id='word_1_262' title='bbox 698 2885 731 2943; x_wconf 85' lang='grc' dir='ltr'><em>τὸ</em></span> <span class='ocrx_word' id='word_1_263' title='bbox 749 2843 883 2957; x_wconf 42' lang='lat' dir='ltr'>apodians</span> <span class='ocrx_word' id='word_1_264' title='bbox 899 2887 932 2944; x_wconf 85' lang='grc' dir='ltr'>τό</span> <span class='ocrx_word' id='word_1_265' title='bbox 950 2887 1109 2957; x_wconf 74' lang='grc' dir='ltr'><strong><em>περυσινὸν</em></strong></span> <span class='ocrx_word' id='word_1_266' title='bbox 1126 2890 1173 2946; x_wconf 82' lang='grc' dir='ltr'><em>τέ-</em></span> 
     </span>
    </p>

    <p class='ocr_par' dir='ltr' id='par_1_8' title="bbox 188 2976 1175 3230">
     <span class='ocr_line' id='line_1_34' title="bbox 211 2976 423 3015; baseline -0.014 0"><span class='ocrx_word' id='word_1_267' title='bbox 211 2981 228 3015; x_wconf 96' lang='grc' dir='ltr'><em>ν</em></span> <span class='ocrx_word' id='word_1_268' title='bbox 248 2977 281 3012; x_wconf 83' lang='grc' dir='ltr'>κε</span> <span class='ocrx_word' id='word_1_269' title='bbox 321 2976 349 3011; x_wconf 91' lang='grc' dir='ltr'><em>οι</em></span> <span class='ocrx_word' id='word_1_270' title='bbox 367 2978 399 3012; x_wconf 90' lang='grc' dir='ltr'><em>κτ</em></span> <span class='ocrx_word' id='word_1_271' title='bbox 417 3001 423 3012; x_wconf 89' lang='grc'><strong>.</strong></span> 
     </span>
     <span class='ocr_line' id='line_1_35' title="bbox 229 2978 1175 3093; baseline -0.002 -13"><span class='ocrx_word' id='word_1_272' title='bbox 229 2978 460 3093; x_wconf 67' lang='grc' dir='ltr'>η88)μΙιοοςὶτισσ</span> <span class='ocrx_word' id='word_1_273' title='bbox 471 3025 503 3076; x_wconf 91' lang='lat' dir='ltr'>de</span> <span class='ocrx_word' id='word_1_274' title='bbox 516 3022 587 3076; x_wconf 84' lang='lat' dir='ltr'>subl.</span> <span class='ocrx_word' id='word_1_275' title='bbox 602 3041 625 3077; x_wconf 85' lang='lat' dir='ltr'>o.</span> <span class='ocrx_word' id='word_1_276' title='bbox 641 3028 683 3086; x_wconf 77' lang='grc'>18,</span> <span class='ocrx_word' id='word_1_277' title='bbox 694 3029 724 3077; x_wconf 70' lang='grc' dir='ltr'>8ο</span> <span class='ocrx_word' id='word_1_278' title='bbox 737 3021 796 3078; x_wconf 77' lang='grc' dir='ltr'><em>ἔστι</em></span> <span class='ocrx_word' id='word_1_279' title='bbox 808 3021 861 3091; x_wconf 69' lang='grc' dir='ltr'>μὲν</span> <span class='ocrx_word' id='word_1_280' title='bbox 873 3014 927 3078; x_wconf 75' lang='grc' dir='ltr'>οὖν</span> <span class='ocrx_word' id='word_1_281' title='bbox 938 3020 1175 3092; x_wconf 65' lang='grc' dir='ltr'><em>φιλοπονώτατος</em></span> 
     </span>
     <span class='ocr_line' id='line_1_36' title="bbox 188 3085 1175 3171; baseline -0.003 -23"><span class='ocrx_word' id='word_1_282' title='bbox 188 3089 204 3148; x_wconf 83' lang='lat' dir='ltr'>o‘</span> <span class='ocrx_word' id='word_1_283' title='bbox 218 3089 381 3160; x_wconf 74' lang='grc' dir='ltr'><em>Εὐριπίδης</em></span> <span class='ocrx_word' id='word_1_284' title='bbox 400 3085 550 3171; x_wconf 57' lang='lat' dir='ltr'>(ieiunanti</span> <span class='ocrx_word' id='word_1_285' title='bbox 560 3089 655 3156; x_wconf 77' lang='grc' dir='ltr'><em>πσίθη,</em></span> <span class='ocrx_word' id='word_1_286' title='bbox 674 3093 779 3157; x_wconf 84' lang='grc' dir='ltr'><em>μανίας</em></span> <span class='ocrx_word' id='word_1_287' title='bbox 791 3109 823 3146; x_wconf 79' lang='grc' dir='ltr'><em>τε</em></span> <span class='ocrx_word' id='word_1_288' title='bbox 834 3093 884 3145; x_wconf 81' lang='grc' dir='ltr'>καλ</span> <span class='ocrx_word' id='word_1_289' title='bbox 897 3089 1012 3160; x_wconf 79' lang='grc' dir='ltr'><em>ἔρωτας,</em></span> <span class='ocrx_word' id='word_1_290' title='bbox 1031 3088 1175 3161; x_wconf 69' lang='grc' dir='ltr'><em>ἐκτραγῳ-</em></span> 
     </span>
     <span class='ocr_line' id='line_1_37' title="bbox 189 3151 1173 3230; baseline -0.003 -15"><span class='ocrx_word' id='word_1_291' title='bbox 189 3163 277 3230; x_wconf 78' lang='grc' dir='ltr'><em>δῆσαι</em></span> <span class='ocrx_word' id='word_1_292' title='bbox 293 3155 351 3213; x_wconf 75' lang='grc' dir='ltr'>κᾶν</span> <span class='ocrx_word' id='word_1_293' title='bbox 373 3154 484 3218; x_wconf 79' lang='grc' dir='ltr'><em>τούτοις</em></span> <span class='ocrx_word' id='word_1_294' title='bbox 507 3176 545 3218; x_wconf 83' lang='grc' dir='ltr'>ως</span> <span class='ocrx_word' id='word_1_295' title='bbox 562 3151 616 3211; x_wconf 71' lang='grc' dir='ltr'>οὐκ</span> <span class='ocrx_word' id='word_1_296' title='bbox 639 3153 697 3211; x_wconf 78' lang='grc' dir='ltr'><em>οἷδ’</em></span> <span class='ocrx_word' id='word_1_297' title='bbox 724 3159 811 3220; x_wconf 76' lang='grc' dir='ltr'><em>τίσις</em></span> <span class='ocrx_word' id='word_1_298' title='bbox 828 3156 924 3226; x_wconf 77' lang='grc' dir='ltr'><em>ἕτερος</em></span> <span class='ocrx_word' id='word_1_299' title='bbox 942 3155 1173 3227; x_wconf 74' lang='grc' dir='ltr'><em>ἐπιτυχέστατος.</em></span> 
     </span>
    </p>

    <p class='ocr_par' dir='ltr' id='par_1_9' title="bbox 188 3227 1176 3632">
     <span class='ocr_line' id='line_1_38' title="bbox 255 3227 1174 3293; baseline -0.002 -12"><span class='ocrx_word' id='word_1_300' title='bbox 255 3231 299 3292; x_wconf 83' lang='grc'>89)</span> <span class='ocrx_word' id='word_1_301' title='bbox 318 3229 430 3281; x_wconf 86' lang='lat' dir='ltr'>Aristot.</span> <span class='ocrx_word' id='word_1_302' title='bbox 449 3230 527 3277; x_wconf 79' lang='lat' dir='ltr'>Post.</span> <span class='ocrx_word' id='word_1_303' title='bbox 542 3242 565 3279; x_wconf 87' lang='grc' dir='ltr'>ο.</span> <span class='ocrx_word' id='word_1_304' title='bbox 580 3229 611 3277; x_wconf 86' lang='grc'>18</span> <span class='ocrx_word' id='word_1_305' title='bbox 628 3244 655 3293; x_wconf 92' lang='lat' dir='ltr'>p.</span> <span class='ocrx_word' id='word_1_306' title='bbox 669 3230 735 3279; x_wconf 77' lang='lat'><strong>1453</strong></span> <span class='ocrx_word' id='word_1_307' title='bbox 745 3244 761 3278; x_wconf 83' lang='lat' dir='ltr'>o</span> <span class='ocrx_word' id='word_1_308' title='bbox 773 3231 815 3280; x_wconf 77' lang='lat'>29.</span> <span class='ocrx_word' id='word_1_309' title='bbox 850 3230 887 3278; x_wconf 83' lang='lat' dir='ltr'>ef.</span> <span class='ocrx_word' id='word_1_310' title='bbox 905 3230 958 3280; x_wconf 90' lang='lat' dir='ltr'>Dio</span> <span class='ocrx_word' id='word_1_311' title='bbox 977 3227 1117 3293; x_wconf 80' lang='lat' dir='ltr'>chrysost.</span> <span class='ocrx_word' id='word_1_312' title='bbox 1131 3231 1174 3292; x_wconf 87' lang='lat'>18,</span> 
     </span>
     <span class='ocr_line' id='line_1_39' title="bbox 189 3286 1176 3374; baseline -0.001 -26"><span class='ocrx_word' id='word_1_313' title='bbox 189 3300 217 3348; x_wconf 77' lang='lat' dir='ltr'>r:</span> <span class='ocrx_word' id='word_1_314' title='bbox 236 3287 256 3362; x_wconf 82' lang='grc' dir='ltr'><strong><em>ἥ</em></strong></span> <span class='ocrx_word' id='word_1_315' title='bbox 275 3311 305 3348; x_wconf 78' lang='grc' dir='ltr'><em>τε</em></span> <span class='ocrx_word' id='word_1_316' title='bbox 319 3287 482 3359; x_wconf 74' lang='grc' dir='ltr'><em>Εὐριπίδου</em></span> <span class='ocrx_word' id='word_1_317' title='bbox 499 3286 658 3374; x_wconf 74' lang='grc' dir='ltr'><em>προοῄνετα</em></span> <span class='ocrx_word' id='word_1_318' title='bbox 670 3292 720 3346; x_wconf 83' lang='grc' dir='ltr'>καλ</span> <span class='ocrx_word' id='word_1_319' title='bbox 731 3287 896 3361; x_wconf 74' lang='grc' dir='ltr'><em>πιθανότης</em></span> <span class='ocrx_word' id='word_1_320' title='bbox 908 3294 959 3347; x_wconf 82' lang='grc' dir='ltr'><em>τοῦ</em></span> <span class='ocrx_word' id='word_1_321' title='bbox 971 3291 1024 3360; x_wconf 67' lang='grc' dir='ltr'>μὲν</span> <span class='ocrx_word' id='word_1_322' title='bbox 1035 3296 1176 3362; x_wconf 76' lang='grc' dir='ltr'>τραγικοῦ</span> 
     </span>
     <span class='ocr_line' id='line_1_40' title="bbox 189 3353 1175 3444; baseline -0.001 -29"><span class='ocrx_word' id='word_1_323' title='bbox 189 3354 444 3428; x_wconf 78' lang='grc' dir='ltr'><em>ἄπανθαδήματος</em></span> <span class='ocrx_word' id='word_1_324' title='bbox 453 3358 503 3413; x_wconf 81' lang='grc' dir='ltr'>καλ</span> <span class='ocrx_word' id='word_1_325' title='bbox 513 3356 672 3444; x_wconf 61' lang='lat' dir='ltr'>direpturos</span> <span class='ocrx_word' id='word_1_326' title='bbox 684 3357 773 3428; x_wconf 77' lang='grc' dir='ltr'><em>τπχὸν</em></span> <span class='ocrx_word' id='word_1_327' title='bbox 785 3356 839 3414; x_wconf 72' lang='grc' dir='ltr'>οὐκ</span> <span class='ocrx_word' id='word_1_328' title='bbox 850 3353 887 3413; x_wconf 70' lang='grc' dir='ltr'>ἂν</span> <span class='ocrx_word' id='word_1_329' title='bbox 899 3357 1001 3421; x_wconf 76' lang='grc' dir='ltr'><em>τελέως</em></span> <span class='ocrx_word' id='word_1_330' title='bbox 1013 3356 1175 3428; x_wconf 76' lang='grc' dir='ltr'><em>ἐφικνοῖτο,</em></span> 
     </span>
     <span class='ocr_line' id='line_1_41' title="bbox 188 3421 1176 3499; baseline -0.001 -18"><span class='ocrx_word' id='word_1_331' title='bbox 188 3429 325 3499; x_wconf 74' lang='grc' dir='ltr'><em>πολιτικῷ</em></span> <span class='ocrx_word' id='word_1_332' title='bbox 340 3425 372 3481; x_wconf 76' lang='grc' dir='ltr'>δὲ</span> <span class='ocrx_word' id='word_1_333' title='bbox 385 3422 471 3494; x_wconf 77' lang='grc' dir='ltr'><strong><em>ἀνδρὶ</em></strong></span> <span class='ocrx_word' id='word_1_334' title='bbox 482 3423 562 3481; x_wconf 78' lang='grc' dir='ltr'><em>πάνυ</em></span> <span class='ocrx_word' id='word_1_335' title='bbox 572 3426 729 3496; x_wconf 58' lang='lat' dir='ltr'>optimos·</span> <span class='ocrx_word' id='word_1_336' title='bbox 743 3426 786 3482; x_wconf 79' lang='grc' dir='ltr'>ἔτι</span> <span class='ocrx_word' id='word_1_337' title='bbox 799 3426 832 3483; x_wconf 65' lang='grc' dir='ltr'>δὲ</span> <span class='ocrx_word' id='word_1_338' title='bbox 844 3421 908 3497; x_wconf 72' lang='grc' dir='ltr'>ἤθη</span> <span class='ocrx_word' id='word_1_339' title='bbox 920 3428 970 3482; x_wconf 85' lang='grc' dir='ltr'>καλ</span> <span class='ocrx_word' id='word_1_340' title='bbox 979 3424 1064 3496; x_wconf 76' lang='grc' dir='ltr'><em>ποτ’θη</em></span> <span class='ocrx_word' id='word_1_341' title='bbox 1076 3423 1176 3489; x_wconf 76' lang='grc' dir='ltr'><em>δεινὸς</em></span> 
     </span>
     <span class='ocr_line' id='line_1_42' title="bbox 188 3489 1176 3580; baseline 0.001 -31"><span class='ocrx_word' id='word_1_342' title='bbox 188 3497 347 3579; x_wconf 64' lang='grc' dir='ltr'><em>πληρῶσατ·</em></span> <span class='ocrx_word' id='word_1_343' title='bbox 371 3495 421 3549; x_wconf 83' lang='grc' dir='ltr'>καλ</span> <span class='ocrx_word' id='word_1_344' title='bbox 439 3491 553 3578; x_wconf 57' lang='lat' dir='ltr'>paripate</span> <span class='ocrx_word' id='word_1_345' title='bbox 570 3495 642 3566; x_wconf 81' lang='grc' dir='ltr'>πρὸς</span> <span class='ocrx_word' id='word_1_346' title='bbox 660 3489 956 3580; x_wconf 42' lang='grc' dir='ltr'><em>απανταηῶφτλίμσνς</em></span> <span class='ocrx_word' id='word_1_347' title='bbox 980 3496 1176 3565; x_wconf 66' lang='grc' dir='ltr'>καταμίγνυσι</span> 
     </span>
     <span class='ocr_line' id='line_1_43' title="bbox 189 3566 963 3632; baseline -0.001 -16"><span class='ocrx_word' id='word_1_348' title='bbox 189 3570 249 3625; x_wconf 80' lang='grc' dir='ltr'><em>τοῖς</em></span> <span class='ocrx_word' id='word_1_349' title='bbox 266 3579 423 3632; x_wconf 84' lang='grc' dir='ltr'><em>ποιημασιν</em></span> <span class='ocrx_word' id='word_1_350' title='bbox 441 3581 494 3618; x_wconf 81' lang='grc' dir='ltr'><em>ατε</em></span> <span class='ocrx_word' id='word_1_351' title='bbox 512 3566 688 3632; x_wconf 86' lang='grc' dir='ltr'><em>φιλοσοφίας</em></span> <span class='ocrx_word' id='word_1_352' title='bbox 707 3581 760 3617; x_wconf 82' lang='grc' dir='ltr'>ουκ</span> <span class='ocrx_word' id='word_1_353' title='bbox 777 3580 897 3630; x_wconf 79' lang='grc' dir='ltr'><em>απεκρος</em></span> <span class='ocrx_word' id='word_1_354' title='bbox 914 3580 963 3616; x_wconf 81' lang='grc' dir='ltr'>ων.</span> 
     </span>
    </p>
   </div>
   <div class='ocr_carea' id='block_1_5' title="bbox 0 0 1270 3934">
    <p class='ocr_par' dir='ltr' id='par_1_10' title="bbox 0 0 1270 3934">
     <span class='ocr_line' id='line_1_44' title="bbox 0 0 1270 3934; baseline 0 0"><span class='ocrx_word' id='word_1_355' title='bbox 0 0 1270 3934; x_wconf 95' lang='lat' dir='ltr'> </span> 
     </span>
    </p>
   </div>
  </div>
 </body>
</html>
