2517 3934
280 219 490 277 ΗΡΑΚΛΗΣ
507 220 816 283 ΜΑΙΝΟΜΕΝΟΣ
998 218 1059 283 ³53

49 397 150 461 ΑΓΓ.
169 394 311 459 τεθνᾶσι
325 394 450 468 παῖδες.
486 398 557 458 ΧΟ.
576 397 657 461 αίαί.

15 488 23 539 ί
46 502 149 563 ΑΓΓ.
167 487 353 579 στενάζεθ’,
372 487 416 571 ὡς
430 490 604 559 στενακτά.
640 500 711 560 ΧΟ.
730 489 816 559 δάιοι
833 487 949 577 φόνοι,

167 594 258 663 δάιοι
272 594 310 662 δὲ
323 595 448 662 τοκέων
460 570 579 681 χείχρες.
1008 613 1058 667 915

46 703 148 767 ΑΓΓ.
169 693 233 765 οὐκ
248 693 293 765 άν
307 724 356 777 τις
370 705 458 765 είποι
471 702 600 784 μᾶλλον
613 689 635 782 ἢ
649 694 879 784 πεπόνθαμεν.

49 808 123 868 ΧΟ.
166 806 234 878 πῶς
249 800 344 868 παισὶ
358 795 543 868 στενακτὰν
556 794 640 866 άταν
654 794 737 866 άταν

167 902 308 988 πατέρος
321 898 518 989 άμφαίνειςς

110 996 138 1094 J(
167 1004 244 1091 λέγε
257 1010 334 1072 τίνα
347 1001 474 1091 τρόπον
488 1009 587 1072 ἔσυτο
601 1001 733 1071 θεόθεν
750 1002 805 1071 ἐπὶ

165 1107 318 1194 μέλαθρα
331 1103 418 1174 κακά
434 1105 513 1174 τάδε
620 1087 685 1115 x
1006 1122 1058 1176 920

166 1207 326 1296 τλήμονές
345 1235 381 1277 τε
397 1213 530 1277 παίδων
547 1206 655 1293 τύχαι.

47 1317 147 1381 ΑΓΓ.
167 1308 240 1399 ίερόι
253 1310 316 1398 μὲν
329 1304 372 1398 ἦν
386 1309 553 1397 πάροιθεν
567 1309 708 1397 ἐσχάρας
718 1309 803 1387 Διὸς

166 1408 320 1502 καθάρσι’
339 1423 458 1499 οίκων,
474 1419 534 1500 γῆς
548 1407 660 1480 ἄνακτ’
679 1412 750 1481 ἐπεὶ
763 1406 898 1480 κτανων

164 1517 296 1602 ἐξέβαλε
310 1520 417 1584 τῶνδε
431 1513 596 1603 δωμάτων
605 1510 801 1601 Ἡρακλέης·

163 1615 264 1706 χορὸς
278 1616 316 1687 δὲ
330 1624 559 1705 καλλίμορφος
573 1616 717 1703 είστήκει
731 1619 860 1685 τέκνων
1005 1633 1056 1687 925

164 1720 271 1809 πατήρ
286 1746 321 1788 τε
336 1719 481 1809 Μεγάρα
495 1717 543 1787 τ’·
558 1724 595 1789 ἐν
608 1718 723 1809 κύκλῳ
738 1714 772 1787 δ’
788 1714 856 1806 ἤδη
870 1725 999 1788 κανοῦν

169 1826 291 1891 εἵλικτο
308 1830 442 1910 βωμοῦ,
458 1824 596 1910 φθέγμα
607 1819 643 1891 ’δ’
659 1816 756 1889 ὅσιον
772 1829 913 1908 είχομεν.

163 1926 295 2012 μέλλων
308 1925 346 1993 δὲ
360 1922 465 1994 δαλδν
481 1927 567 2012 χειρὶ
582 1927 675 2013 δεξιᾷ
690 1925 818 2010 φέρειν,

165 2032 212 2108 είς
225 2024 353 2116 χέρνιβ’
372 2022 416 2106 ῦς
429 2026 587 2114 βάψειεν,
598 2023 783 2112 Ἀλκμήνης
796 2021 891 2105 τόκος

162 2134 238 2217 ἔστη
252 2136 370 2217 σιωπῇ.
392 2131 449 2198 καὶ
461 2137 672 2219 χρονιζοντος
686 2125 810 2215 πατρὸς
1002 2143 1057 2201 930

161 2236 279 2312 παῖδες
292 2234 478 2321 προσέσχον
492 2220 590 2319 ὄμμ’·
617 2226 638 2295 ὃ
653 2226 686 2299 δ’
704 2224 825 2298 οὐκέθ’
841 2225 943 2311 αὑτὸς
956 2219 1011 2320 ἦν,

160 2329 234 2401 ἀλλ’
250 2338 287 2403 ἐν
301 2349 501 2424 στροφαῖσιν
517 2330 674 2422 ὀμμάτων
688 2334 901 2420 ἐφθαρμένος

162 2438 251 2523 ῥιζας
265 2432 295 2505 τ’
312 2440 349 2505 έν
365 2434 477 2516 ὄσσοις
490 2432 681 2524 αίματωπῦς
697 2434 860 2523 ἐκβαλών,

161 2534 274 2627 άφρδν
287 2535 455 2622 κατέσταζ’
474 2535 630 2627 εὐτρίχου
646 2537 829 2626 γενειάδος.

161 2642 250 2721 ἔλεξε
264 2637 296 2709 δ’
313 2637 380 2728 ἅμα
395 2644 515 2730 γέλωτι
529 2644 858 2732 παραπεπληγμένῳ·
1001 2654 1054 2713 9³⁵

160 2739 280 2832 πάτερ,
296 2750 331 2811 τί
342 2744 418 2813 θύω
434 2745 515 2832 πρὶν
528 2759 665 2813 κτανεῖν
677 2740 864 2831 Εὐρυσθέα

160 2844 348 2933 καθάρσιον
362 2853 448 2935 πῦρ,
464 2846 521 2915 καὶ
535 2846 660 2925 πόνους
679 2850 819 2925 διπλοῦς
833 2850 896 2930 έχω

160 2945 234 3029 ἐξὸν
248 2955 325 3035 μιᾶς
338 2976 394 3035 μοι
408 2945 518 3037 χειρὸς
534 2939 573 3018 εῦ
587 2950 715 3017 θέσθαι
727 2946 825 3030 πόδες

161 3046 243 3117 ὅταν
257 3047 290 3118 δ’
307 3053 432 3137 ἐνέγκω
448 3056 551 3138 δεῦρο
567 3046 663 3138 κρᾶτ’
679 3046 899 3140 Εὐρυσθέως,

159 3153 213 3220 ἐπὶ
227 3166 312 3221 τοῖσι
326 3159 394 3222 νῦν
407 3160 576 3222 θανοῦσιν
588 3149 695 3240 ἁγνιῶ
709 3154 817 3242 χέρας.
999 3166 1052 3221 940

159 3256 283 3341 έκχεῖτε
297 3255 421 3343 πηγάς,
438 3250 567 3344 ῥίπτετ’
581 3260 618 3325 ἐκ
631 3262 755 3344 χειρῶν
768 3261 865 3323 κανᾶ.

157 3362 208 3437 τίς
220 3385 277 3445 μοι
292 3362 412 3427 δίδωσι
426 3358 523 3441 τάξας
538 3364 587 3439 τίς
601 3354 634 3427 δ’
651 3354 758 3426 ὅπλον
770 3354 884 3447 χερόςς

157 3456 241 3547 πρὸς
254 3458 312 3540 τὰς
326 3460 494 3549 Μυκήνας
510 3459 595 3548 εἶμι·
611 3459 775 3543 λάζυσθαι
789 3455 899 3548 χρεων

158 3559 302 3649 μοχλοῦς
317 3565 470 3644 δικέλλας
483 3559 535 3649 θ’,
551 3559 595 3644 ὡς
608 3560 649 3631 τά
664 3561 865 3631 Κυκλώπων
878 3556 993 3649 βάθρα

123 3676 215 3719 mm.
235 3680 299 3721 νοτ.
323 3665 344 3721 1.
845 3659 886 3720 23
