2517 3934
171 183 210 232 VI
394 177 516 230 ΓΕΝΟΣ
537 177 745 230 ΕΤΡΙΠΙΔΟΤ
762 177 828 230 ΚΑΙ
844 176 933 228 ΒΙΟΣ

132 347 158 389 τε
171 329 346 410 Φιλόχορος,
365 325 442 409 ὑπὲρ
461 327 497 389 τά
518 326 723 409 ἑβδομήκοντα
736 327 786 408 ἔτη
801 327 945 410 γεγοναίς,
967 325 1008 402 ὥς
1024 325 1058 389 δέ
1070 319 1157 409 Ἐροι-

171 413 316 491 τοσθένης
336 412 386 492 σε’,
405 411 457 474 καί
471 412 504 473 ἐν
518 413 699 497 Μακεδονία
720 412 824 492 ἐτάφη.
854 412 1034 490 κενοτάφιον
1054 410 1088 472 δὲ
1101 408 1158 473 αύ-

171 508 223 560 τοῦ
240 497 272 558 έν
283 494 448 576 Ἀθήνησιν
463 495 589 578 ἐγένετο,
610 497 662 559 κοιλ
681 496 849 578 ἐπίγραμμα
869 496 1065 578 ἐπεγέγραπτο
1081 496 1159 557 Θου-

171 583 295 644 κυδίδου
324 591 377 643 τοῦ
409 581 636 664 ἱστοριογράφου
670 579 848 661 ποιήσαντος
875 579 898 662 ἢ
928 579 1077 662 Τιμοθέου
1106 589 1159 643 τοι)
1236 596 1237 599 ’

194 672 345 729 ελοποιού·

132 692 193 809 ιομ
253 760 354 830 μνῆμα
368 746 535 829 μένἙλλδς
550 740 639 809 άπασ’
655 743 837 830 Εὐριπίδου·
852 748 938 811 οσιέα
952 743 982 811 δ’
999 749 1075 828 ἴσχει

254 843 293 915 γῆ
308 833 474 910 Μακεδών,
489 827 566 916 ᾗπερ
582 832 685 908 δέξατο
699 832 788 914 τέρμα
802 835 887 915 βίον·
1236 906 1237 923 ,

254 918 358 998 πατρὶς
374 912 402 979 δ’
417 915 557 990 Ἑλλάδος
567 913 672 990 Ἑλλάς
685 914 823 998 Ἀθῆναι.
851 917 944 980 πολλὰ
959 916 993 979 δέ
1006 916 1134 997 μούσαις

255 1001 366 1083 τέρψας
381 1001 414 1063 έκ
428 1005 544 1063 πολλῶν
557 1001 608 1063 καί
622 1002 675 1064 τὸν
689 1001 812 1063 έπαινον
826 1001 893 1080 ἔχει.

171 1086 246 1165 φασὶ
265 1083 298 1147 δὲ
319 1085 370 1147 καί
388 1091 621 1165 κεραυνωθῆναι
645 1082 796 1166 ἀμφύτερα
815 1092 952 1166 μνημεῖα.
987 1084 1106 1167 λέγουσι
1126 1084 1159 1146 δέ

131 1187 158 1228 ιε
170 1170 221 1232 καί
235 1169 391 1248 Σοφοκλέα
410 1162 581 1232 άκούσαντα
601 1169 647 1231 δτι
661 1169 849 1249 ἐτελεύτησεν
868 1168 962 1232 αὐτὸν
980 1169 1037 1249 μέν
1056 1172 1159 1253 ίματίῳ

171 1265 252 1338 φαιρλ
266 1260 435 1334 προελθεῖν,
447 1253 499 1316 τὸν
514 1257 532 1316 δ
534 1251 547 1315 ὲ
561 1253 651 1334 χορὸν
663 1253 795 1328 καὶτοὺς
808 1251 970 1335 ὑποκριτάς
981 1250 1159 1332 άστεφανύ-

170 1361 239 1413 τους
261 1341 430 1419 εἰσαγαγεῖν
450 1338 483 1400 έν
503 1349 543 1422 κρῖ
562 1349 715 1419 προαγῶνι
735 1337 786 1399 καί
810 1338 959 1418 δακρῦσαι
979 1336 1033 1399 τδν
1052 1339 1158 1417 δῆμον.

171 1423 338 1502 ἐτελεύτησε
357 1423 391 1483 δέ
410 1420 463 1483 τδν
482 1423 591 1502 τρόπον
610 1431 724 1483 τούτου.
761 1420 795 1483 έν
813 1431 850 1505 τῇ
870 1422 1050 1497 Μακεδονία
1073 1422 1159 1501 κύμη

171 1507 229 1569 ἔστι
247 1504 418 1586 καλουμένη
438 1505 566 1591 Θρακῶν
585 1504 635 1566 διδι
654 1506 688 1566 τό
707 1527 778 1568 ποτε
797 1505 1000 1588 κατῳκηκέναι
1021 1505 1158 1567 ἐνταῦθα

132 1607 158 1648 ιο
174 1593 304 1677 Θρᾷκας.
334 1589 368 1652 έν
382 1590 475 1672 ταύτῃ
494 1587 632 1652 ποτέτοῦ
644 1586 800 1670 Ἀρχελάου
815 1590 987 1670 Μολοττικὴ
1006 1589 1091 1652 κύων
1104 1584 1158 1671 ἦλ-

170 1682 228 1738 θεν
242 1673 503 1753 άποπλανηθεῖσα·
519 1673 631 1752 ταύτην
646 1675 760 1759 Θρᾷκες
775 1672 817 1748 ὥς
831 1673 902 1748 ἔθος
917 1675 1068 1748 θύσαντες
1083 1674 1157 1752 έφα-

169 1783 233 1842 γον,
248 1759 299 1821 καί
313 1757 350 1838 δὴ
366 1756 382 1820 δ
394 1755 546 1838 Ἀρχέλαος
562 1758 722 1837 ἐζημίωσεν
735 1755 847 1831 αύτούς
860 1758 1002 1841 ταλάντῳ.
1024 1757 1087 1820 ἐπεὶ
1101 1752 1159 1819 σύν

170 1841 225 1905 οὐκ
240 1838 329 1922 εἶχον,
344 1836 512 1948 Εὐριπίδου
528 1842 698 1922 ἐδεήθησαν
716 1840 888 1916 ἀπολύσεως
904 1849 1014 1923 τυχεῖν,
1029 1841 1155 1921 δεηθέν-

170 1951 218 2002 τος
234 1936 288 1990 τού
301 1930 453 2008 βασιλεως.
476 1926 571 2012 χρόνῳ
585 1926 619 1987 δὲ
633 1925 757 2006 ὕστερον
771 1923 940 2006 Εὐριπίδης
955 1926 988 1988 έν
1001 1924 1087 1988 άλσει
1100 1926 1159 1988 τινῖ

132 2027 157 2069 σε
170 2011 227 2092 πρὸ
247 2022 298 2093 της
318 2011 430 2084 πόλεως
449 2007 563 2090 ἠρέμει·
583 2002 740 2090 Ἀρχελάου
760 2008 794 2072 δέ
815 2010 863 2072 ἐπὶ
881 2009 1059 2091 κυνηγέσιον
1080 2009 1157 2086 έξελ-

170 2096 290 2176 θόντος,
311 2105 371 2157 τῶν
386 2095 545 2156 σκυλάκων
563 2092 780 2156 ἀπολυθέντων
794 2090 854 2156 ύπδ
874 2103 936 2156 τοῖν
948 2105 1092 2175 κυνηγεῖν
1105 2094 1157 2154 καὶ

170 2179 386 2288 περιτυχόντων
405 2176 573 2263 Εὐριπίδη,
589 2179 796 2259 διεσπαράχθη
817 2178 1023 2260 καταβρωθελς
1039 2175 1057 2240 δ
1071 2201 1158 2257 πονη-

171 2265 237 2345 τής·
257 2280 338 2344 ησαν
356 2260 390 2324 δὲ
404 2262 519 2345 ἔκγονοι
533 2265 565 2325 οῖ
581 2262 726 2334 σκύλακες
740 2273 794 2342 τῆς
815 2254 876 2325 δπδ
892 2263 1021 2347 Θρμκολν
1038 2254 1157 2342 ιἰναιρε-

169 2349 276 2448 θείσης
290 2347 394 2426 κυνός,
409 2346 485 2410 ὅθεν
497 2346 548 2408 καὶ
561 2344 581 2427 ἡ
595 2349 737 2427 παροιμία
752 2346 812 2408 ἐστὶ
824 2346 905 2428 παρά
923 2353 984 2421 τοῖς
999 2347 1160 2409 Μακεδόσι

132 2447 158 2489 ω
171 2439 279 2506 ’κυνός
294 2433 363 2512 δίκη
371 2437 391 2492 ’.

233 2515 307 2594 φασὶ
328 2516 361 2578 δὲ
381 2506 475 2577 αὐτὸν
494 2512 527 2576 έν
546 2519 696 2594 Σαλαμῖνι
723 2515 871 2594 σπήλαιον
895 2514 1159 2577 κατασκευάσαντα

169 2591 326 2680 άναπνοην
341 2599 408 2680 ἔχον
419 2603 461 2674 είς
473 2598 529 2680 τὴν
538 2599 697 2660 θάλασσαν
711 2599 803 2663 ἐκεῖσε
814 2599 1000 2680 διημερεύειν
1010 2599 1160 2680 φεύγοντα

170 2676 223 2748 τόν
235 2685 338 2764 ὄχλον·
359 2683 436 2746 ὅθεν
449 2684 500 2746 καί
514 2681 546 2744 ἐκ
560 2683 718 2764 θαλάσσης
732 2683 877 2764 λαμβάνει
896 2682 948 2756 τάς
962 2684 1082 2755 πλείους
1098 2693 1159 2745 τοῖν

170 2767 346 2848 δμοιάσεων.
376 2758 554 2851 σκυθρωπός
575 2767 673 2828 δὲκαὶ
692 2767 824 2840 σύννους
839 2766 890 2827 καί
908 2759 1057 2846 αὐστηρὸς
1073 2766 1159 2843 ε’φαί-

132 2866 158 2907 ῦῠ
170 2873 237 2914 νετο
256 2851 308 2913 καλ
326 2850 485 2931 μισόγελως
505 2851 555 2911 καὶ
576 2850 756 2930 μισογύνης,
776 2847 860 2910 καθά
880 2849 932 2912 καί
942 2847 1160 2929 Ἀριστοφάνης

170 2933 265 2998 αύτδν
283 2938 425 2998 αίτιάται·
453 2934 617 3014 ’στρυφνὸς
644 2934 740 3014 ἔμοιγε
766 2941 938 3014 προσειπεῖν
961 2930 1131 3015 Εὐριπίδης
1139 2938 1160 2994 ’.

170 3020 288 3101 λέγουσι
302 3016 337 3080 δὲ
350 3015 443 3081 αύτδν
456 3018 592 3099 γήμαντα
606 3010 661 3096 τὴν
679 3018 875 3098 Μνησιλόχου
888 3016 1040 3099 θυγατέρα
1056 3020 1161 3099 Χοιρί-

171 3109 227 3184 λην
241 3102 290 3165 καλ
305 3103 455 3182 νοήσαντα
470 3101 525 3182 τὴν
538 3099 701 3163 άκολασίαν
715 3099 808 3181 αὐτῆς
821 3100 938 3183 γράψαι
951 3110 1071 3183 πρῶτον
1085 3103 1161 3182 δρᾶ·

172 3212 213 3268 μα
229 3187 283 3249 τδν
297 3184 489 3265 Ἱππόλυτον,
511 3185 544 3248 έν
557 3179 583 3272 ᾧ
597 3185 654 3266 τὴν
673 3183 889 3264 άναισχυντίαν
906 3186 1086 3267 θριαμβεύει
1099 3196 1162 3248 τοῖν

134 3287 160 3328 ιο
173 3280 338 3352 γυναικοῖν,
353 3270 453 3334 ἔπειτα
468 3268 502 3332 δὲ
516 3262 612 3350 αὐτὴν
630 3266 879 3349 ἀποπέμψασθαι.
910 3269 1044 3351 λέγοντος
1059 3267 1093 3330 δέ
1107 3281 1162 3333 τοῦ

75 3409 79 3418 ,
173 3356 319 3436 γήμαντος
339 3353 435 3434 αὐτήν
455 3359 623 3435 *σωφρονεῖ
638 3351 710 3435 παρ’
732 3352 822 3434 ἐμοί’,
842 3355 1005 3433 “δύστηνος
1026 3347 1069 3416 εἶ’
1091 3353 1162 3434 ἔφη,

174 3441 202 3502 εί
213 3447 344 3521 γυναῖκα
359 3441 456 3512 δοκεῖς
1027 3514 1030 3519 ¹

258 3521 330 3605 παρ’
347 3517 441 3609 ᾦμέν
454 3515 549 3602 αὐτὴν
564 3529 742 3604 σωφρονεῖν,
757 3519 830 3604 παρ’
846 3516 872 3607 ᾧ
887 3523 920 3584 δὲ
934 3522 993 3602 μή’
1011 3568 1017 3583 .
