2517 3934
340 173 462 225 muoz
481 173 691 225 ΕΤΡΙΠΙΔΟΤ
708 175 773 226 ΚΑΙ
789 173 878 225 ΒῙΟΣ
1052 174 1105 224 vn

114 323 257 406 ἐπιγῆμαι
271 321 306 386 δὲ
323 321 417 386 αὐτὸν
437 321 625 424 δευτέραν,
603 347 646 404 ην
666 321 764 406 εὐροδν
781 321 1014 405 ἀκολαστοτίραν
1031 345 1104 405 πρυ·

113 407 285 489 χειροτέρως
300 407 393 482 είς
362 431 417 488 την
430 401 505 470 κατά
518 419 579 471 τοῖν
592 418 751 512 γυναικῶν
766 409 959 513 βλασφημίαν
973 406 1104 487 ίθρασύ-
1116 421 1144 464 τι

115 514 194 555 νετο
223 517 255 554 αι
248 490 303 587 δὲ
323 498 463 590 γυναῖκες
472 490 692 637 ἐβουλήθησαν
712 489 806 554 αὐτόν
825 499 939 554 κτεῖναι
952 493 1104 555 είστλθοελ-

114 593 169 638 σαι
190 579 233 650 είς
254 568 287 637 τὸ
307 570 505 656 σπήλαιονίν
524 569 695 662 βγράφων
708 576 835 644 διετέλει.
867 574 1063 679 διαβάλλεται
1073 572 1107 637 δδ

116 657 177 722 ὐπδ
198 659 320 738 φθόνον
342 657 382 734 ὡς
403 659 455 723 τδν
477 665 702 740 Κηφισοφῶντα
722 653 781 740 εἶχε
801 669 1005 740 συμποιοδντα
1023 656 1106 743 αὐτῷ

116 744 171 818 τάς
186 745 359 828 τραγῳδίας.
388 742 466 826 λέγει
480 743 515 806 δδ
527 743 578 806 καὶ
589 744 759 844 Ἕρμιππος
775 745 937 806 Διονύσιον
950 742 1004 806 τόν
1016 749 1105 806 Σικε-

116 829 183 902 λίας
203 830 354 910 τύραννον
374 827 452 932 μετά
469 827 525 908 τὴν
544 835 681 909 τελευτην
700 838 753 890 τοῦ
773 825 944 910 Εὐριπίδου
962 827 1107 890 τάλαντον
1119 849 1146 890 το

116 920 181 986 τοῖς
200 913 393 994 κληρονόμοις
414 908 509 974 αὐτοῦ
528 911 690 993 πίμψαντα
711 915 815 993 λαβεῖν
828 911 861 975 τδ
874 912 1044 1015 ψαλτήριον
1056 912 1107 974 καί

116 995 175 1076 την
196 995 299 1059 δέλτον
312 996 363 1058 καί
378 994 410 1058 τδ
423 1003 583 1095 γραφεῖον,
588 995 675 1100 ἀπερ
689 997 792 1058 ἰδόντα
811 1002 948 1060 κελεῦσαι
967 995 1037 1070 τοὺς
1051 994 1106 1074 φί-

115 1103 241 1186 ροντας
240 1079 274 1142 ἒν
288 1090 328 1165 τῷ
342 1082 481 1143 Μουσων
491 1081 564 1186 ίεριβ
577 1076 740 1142 ἀναθεῖναι
754 1079 960 1162 ἐπιγράψαντα
974 1087 1036 1153 τοῖς
1049 1077 1107 1142 αδ·

116 1173 173 1226 του
192 1187 243 1226 και
235 1141 462 1262 Εὐριπίδου’
448 1164 581 1244 ονόμασι.
613 1164 661 1225 διδ
680 1163 730 1225 καλ
751 1163 982 1242 ξενοφιλοδτατον
1001 1169 1107 1244 κεκλῆ-

116 1253 196 1309 σθαι
216 1248 291 1325 φασδ
309 1239 410 1310 διά
380 1271 413 1310 το
430 1249 557 1328 μάλιστα
576 1244 637 1309 ὐπδ
658 1247 751 1323 ξένων
775 1253 945 1353 φιλιῖσβαι·
970 1245 1031 1310 ὐπδ
1051 1250 1107 1330 γὰρ
1119 1267 1145 1310 ω

114 1329 291 1410 Ἀθηναίων
317 1329 484 1409 ἐφθονεῖτο.
517 1332 672 1411 μειρακίου
697 1330 732 1393 δέ
755 1353 835 1406 τινος
861 1328 1108 1434 ἀπαιδευτοτίρου

115 1417 213 1496 στόμα
227 1417 364 1490 δυσῶδες
379 1415 457 1522 ἔγειν
471 1412 531 1478 ὐπὸ
545 1415 669 1493 φθόνου
688 1409 782 1477 αὐτόν
795 1416 941 1496 είπόντος,
956 1409 1106 1497 ἐὐφημεῖ

115 1499 194 1580 ἔφη
210 1499 334 1579 μέλιτος
349 1523 400 1562 και
390 1497 570 1597 Σειρήνων
583 1499 764 1581 γλυκύτερον
777 1500 892 1580 στόματ’.

205 1582 334 1647 ἔσκωπτε
348 1575 427 1646 δδ
397 1606 448 1658 τας
462 1589 610 1688 γυναῖκας
624 1583 675 1645 διδ
689 1593 751 1645 τυλν
763 1584 937 1664 ποιημάτων
950 1581 993 1645 δι’
1009 1585 1109 1646 αἰτίαν

117 1666 246 1730 τοιόνδε.
276 1661 355 1746 εἶχεν
379 1663 525 1748 οῖκογενες
545 1667 699 1774 μειράκιον
723 1664 845 1771 ὀνόματι
860 1673 1106 1772 Κηφισοφῶντα·
1119 1688 1147 1730 ω

117 1751 194 1832 πρὸς
214 1761 321 1813 τουτον
341 1749 526 1855 ἕφιόρασε
495 1775 552 1832 την
570 1752 684 1814 οἰκείαν
702 1757 831 1833 γυναῖκα
850 1748 1045 1814 ἀτακτοῦσαν.
1076 1745 1108 1814 τό

117 1827 228 1915 μὲν
190 1857 248 1897 ουν
261 1845 380 1939 πρῶτον
398 1832 596 1915 απέτρεττεν“
579 1835 774 1916 αμαρτάνειν
795 1829 903 1898 ἕπελδ’
919 1832 975 1898 οὐκ
995 1835 1108 1915 επειθε,

116 1917 275 1981 κατέλιπεν
292 1916 375 2004 αὐτῷ
394 1918 450 1998 τὴν
468 1925 614 2026 γυναῖκα,
635 1917 818 2024 βουλομένου
842 1918 938 1999 αὐτην
958 1919 1035 2000 ἔχειν
1053 1929 1108 1981 τοῦ

117 2007 368 2083 Κηφισοφῶντος.
397 1996 525 2084 λέγει
489 2025 545 2064 ουν
558 1999 660 2065 παῖδ’
658 2003 880 2084 Αριστοφάνης·

272 2085 496 2166 Κηφισοφων”
473 2105 595 2194 αριστι
588 2086 642 2149 καλ
655 2086 823 2166 μελάντατε,
1119 2107 1145 2150 ετ

273 2190 310 2232 συ
299 2168 359 2232 δὲ
374 2168 530 2279 ξυνέξγγς*
508 2195 549 2244 ως
564 2195 599 2233 τα
587 2167 698 2232 πόλλ’
715 2168 867 2270 Εὐριπίδη

272 2255 323 2316 καῖ
337 2257 503 2330 συνεποιεις
517 2251 558 2328 οδς
573 2255 648 2334 φησὶ
664 2251 759 2316 καλ
728 2279 782 2334 την
786 2256 951 2362 μελῳδίαν.

116 2339 279 2445 λέγουσι
252 2338 286 2400 δὲ
304 2340 355 2402 καί
368 2338 414 2402 δτι
435 2345 575 2443 γυναῖκες
590 2338 641 2399 διά
662 2338 731 2413 τούς
751 2338 866 2420 ψόγους
887 2337 940 2413 οδς
961 2337 1093 2402 ε’ποίει
1065 2363 1107 2412 εις

116 2447 215 2496 αυτας
230 2422 281 2484 διά
297 2432 357 2485 τοῖν
370 2424 552 2503 ποιημάτων,
567 2429 627 2496 τοῖς
644 2422 855 2526 Θεσμοφορίοις
876 2421 1089 2503 ἐπέστησαν’
1051 2447 1106 2486 αυ-

117 2517 161 2570 τω
175 2506 355 2590 βουλόμεναι
368 2505 499 2570 ἀνελεῖν·
520 2506 677 2583 ἐφείσαντο
691 2505 725 2568 δὲ
745 2503 839 2569 αὐτου
856 2517 976 2610 πρωτον
988 2506 1044 2587 μὲν
1057 2506 1107 2568 διά
1121 2529 1159 2569 ιω

118 2571 172 2666 τάς
189 2592 334 2670 Μούσας,
355 2591 453 2654 ἔπειτα
468 2589 502 2653 δδ
521 2589 764 2671 βεβαιωσαμενου
777 2589 887 2696 μηκέτι
900 2584 992 2665 αὐτάς
1007 2602 1108 2665 κακῶς

117 2675 209 2758 δρεῖν.
240 2675 273 2737 ἐν
286 2685 362 2756 γοῦν
376 2686 412 2758 τῇ
424 2675 614 2781 Μεναλίππη
628 2673 696 2754 περι
709 2672 812 2736 αὐτων
825 2672 895 2736 τάδε
909 2677 998 2754 φησί·

273 2759 369 2839 μάτην
382 2757 432 2840 ἀρ’
450 2761 492 2832 είς
506 2764 652 2839 γυναῖκας
667 2755 698 2832 ἐξ
711 2754 834 2838 ἀνδροῖν
848 2757 943 2839 ψόγος

274 2842 389 2921 ψάλλει,
403 2837 492 2904 κενὸν
506 2840 641 2942 τόξευμα,
656 2840 706 2902 καὶ
720 2849 820 2912 κακως
834 2840 924 2922 λέγει·

273 2923 351 2987 αἳδ’
368 2926 414 2986 εῖσ
417 2917 611 3030 ’ἀμείνους’
594 2922 740 3004 αρσένων,
753 2924 813 3029 ε’γω
802 2923 901 3007 λέγω
1122 2946 1161 2987 ιοσ

115 3009 217 3072 καί
185 3031 221 3072 τα
237 3009 315 3090 ἑξῆς
340 3008 419 3072 οὕτω
435 3007 469 3070 δὲ
482 3005 575 3070 αὐτὸν
585 3006 762 3088 Φιλήμων’
744 3004 898 3090 ηγάπησεν
912 3008 953 3083 ὡς
968 3016 1110 3091 τολμησαι

116 3094 187 3176 περί
200 3091 297 3156 αὐτοῦ
311 3103 445 3155 τοιοῦτον
458 3094 567 3155 εἰπεῖν·

273 3179 301 3240 εί
313 3183 377 3250 ταῖς
391 3173 582 3255 ἀληθείαισιν
602 3199 632 3238 οι
623 3171 821 3256 τεθνηκότες

272 3262 419 3340 αἴσθησιν
432 3255 521 3340 εἶχον,
535 3257 692 3366 ἀνδρες*
670 3284 711 3334 ως
726 3262 822 3338 φασίν
835 3282 926 3340 τινες,

271 3342 484 3426 ἀτωγγξάμην’“
462 3369 503 3406 αν
517 3343 578 3406 δίστ
581 3341 684 3408 ’ἰδεῖν
698 3341 878 3425 Εὐριπίδην.
1121 3362 1160 3403 ιω

514 3497 708 3506 W-——m
