2517 3934
164 146 227 211 46⁰

167 326 227 388 [Π.

169 531 235 591 ΑΡ.

541 140 798 201 ΙΠΠΟΛΥΤΟΣ

280 338 363 404 φευ·

282 415 350 488 είθ’
366 407 410 504 ἦν
424 412 544 502 ἀραῖον
558 418 715 499 δαίμοσιν
728 414 862 498 βροτῶν
874 408 982 495 γένος.
1121 419 1188 473 1411

285 528 401 591 ἔασον·
415 515 457 587 οῦ
472 514 536 605 γὰρ
550 511 633 583 οῦδὲ
646 520 707 600 γης
720 508 786 580 ὑπὸ
802 510 905 597 ζόφον

283 629 366 701 θεᾶς
380 617 492 708 ἀτιμοι
505 617 682 703 Κύπριδος
695 617 732 689 ἐν
746 618 940 702 προθυμίας

285 722 384 813 ὀργαὶ
397 719 671 807 κατασκήνονσιν
687 708 734 796 είς
746 713 784 783 τὸ
799 712 862 782 σὸν
876 714 977 799 δέμας

287 833 360 913 [σῆς
376 821 548 911 εὐσεβείας
561 816 716 907 κάγαθῆς
730 813 854 905 φρενὸς
868 814 989 902 χάριν].
1063 880 1069 893 ,

285 926 351 1014 ε’γῶ
365 923 430 1014 γάρ
446 922 550 1011 αὐτῆς
563 919 668 990 ἀλλον
684 923 716 1002 ἐξ
731 922 810 1006 ἐμῆς
823 913 920 1004 χερὸς
1124 928 1192 981 1426
1253 996 1255 1001 ‚

286 1026 323 1109 ῦς
338 1024 381 1097 ἀν
394 1026 535 1115 μάλιστα
549 1031 707 1112 φίλτατος
720 1027 809 1109 κυρῇ
823 1024 956 1107 βροτῶν

286 1131 394 1213 τόξοις
409 1127 572 1215 ἀφύκτοις
586 1130 698 1194 τοῖσδε
712 1120 950 1210 τιμωρήσομαί

287 1235 342 1302 σοὶ
356 1229 405 1318 δ’,
421 1222 449 1299 ῶ
463 1223 661 1314 ταλαίπωρ’,
677 1221 753 1294 ἀντὶ
766 1229 875 1293 τῶνδε
889 1228 957 1290 τῶν
971 1224 1091 1287 κακῶν

287 1332 385 1423 τιμάς
398 1339 555 1421 μεγίστας
569 1334 606 1399 ἐν
619 1328 716 1397 πόλει
734 1331 912 1415 Τροιζηνία

290 1438 404 1506 δῶσω·
420 1436 517 1523 κόραι
530 1431 595 1521 γάρ
610 1428 727 1517 ἀζυγες
741 1428 857 1516 γάμων
871 1422 976 1513 πάρος
1125 1436 1192 1490 1415

290 1539 394 1625 κόμας
409 1541 592 1624 κεροῦνταί
602 1556 674 1617 σοι,
691 1528 738 1599 δι’
756 1536 878 1609 αἰῶνος
893 1531 1024 1616 μακροῦ

292 1642 403 1727 πένθη
417 1641 556 1725 μέγιστα
570 1634 730 1723 δακρύων
745 1632 979 1722 καρπουμένῳ.

290 1740 344 1810 ἀεὶ
358 1741 395 1811 δὲ
409 1736 614 1828 μουσοποιὸς
629 1743 676 1815 είς
690 1734 727 1804 σὲ
741 1736 926 1821 παρθένων

293 1851 384 1913 ἔσται
397 1846 558 1931 μέριμνα,
572 1835 657 1908 κούκ
673 1834 850 1924 ἀνῶνυμος
863 1830 976 1902 πεσῶν

293 1953 377 2034 ἔρως
392 1942 411 2015 δ
425 1949 577 2031 Φαίδρας
592 1947 639 2021 είς
653 1940 690 2008 σὲ
703 1936 932 2027 σιγηθήσεται.
1126 1944 1192 1998 1430

243 2061 251 2073 ’
293 2046 336 2117 σῦ
351 2044 397 2134 δ’,
412 2037 440 2115 ῶ
455 2050 594 2133 γεραιοῦ
607 2044 727 2111 ιε’κνον
741 2040 887 2127 Αἰγέως,
904 2038 1011 2122 λαβοῦ

292 2148 354 2218 σὸν
367 2146 462 2217 παῖδ’
478 2150 516 2215 ἐν
530 2140 707 2233 ἀγκάλαισι
722 2144 779 2211 καὶ
792 2140 1034 2229 προσίλκυσαι·

294 2248 387 2319 ἀκων
399 2248 463 2338 γάρ
480 2244 605 2325 ῶλεσάς
619 2267 691 2314 νιν·
707 2240 918 2331 ἀνθρώποισι
934 2238 972 2306 δὲ

295 2359 389 2421 θεῶν
404 2349 570 2420 διδόντων
585 2345 674 2427 είκδς
688 2343 934 2433 ἐξαμαρτάνειν.

296 2455 352 2520 καὶ
368 2454 423 2520 σοί
436 2456 589 2538 παραινῶ
604 2450 730 2537 πατέρα
746 2446 790 2535 μη
805 2456 940 2530 στυγεῖν
955 2440 1073 2524 σέθεν,
1131 2449 1195 2503 1435

291 2550 477 2622 Ἱππόλυτ”
497 2558 582 2638 ἔχεις
595 2548 658 2637 γάρ
669 2565 797 2636 μοῖραν
810 2537 832 2635 ᾗ
846 2540 1050 2630 διεφθάρης.

295 2657 352 2723 καὶ
364 2651 473 2742 χαῖρ’·
488 2654 561 2740 ἐμοὶ
574 2650 638 2737 γάρ
653 2646 695 2718 οῦ
708 2653 807 2737 θέμις
821 2641 967 2733 φθιτοῦς
982 2638 1072 2727 ὁρᾶν

297 2750 374 2822 οὐδ’
390 2751 480 2841 ὄμμα
491 2758 642 2839 χραίνειν
658 2758 896 2838 θανασίμοισιν
910 2747 1093 2820 ἐκπνοαῖς·

298 2852 366 2941 δρῶ
380 2858 420 2922 δέ
432 2850 465 2923 σ’
481 2849 546 2939 ἤδη
561 2856 661 2920 τοῦδε
674 2858 817 2939 πλησίον
832 2851 947 2915 κακοῦ.

236 3004 243 3018 .
295 2962 458 3040 χαίρουσα
472 2956 528 3021 καὶ
543 2951 586 3021 σῦ
600 2967 727 3038 στεῖχε,
741 2944 882 3038 παρθέν’
898 2941 1022 3032 ὀλβία·
1136 2953 1202 3009 1440

295 3053 427 3140 μακράν
442 3054 479 3121 δὲ
492 3061 614 3130 λείπεις
633 3056 758 3142 ῥᾳδίως
772 3050 912 3138 ὁμιλίαν.

296 3153 368 3219 λύω
382 3156 420 3221 δὲ
433 3168 544 3233 νεῖκος
557 3155 657 3237 πατρὶ
669 3154 851 3242 χρηζούσης
860 3150 983 3215 σε’θεν·

297 3254 354 3318 καὶ
369 3252 432 3339 γὰρ
447 3244 592 3338 πάροιθε
604 3268 674 3331 σοῖς
688 3252 871 3338 ἐπειθόμην
884 3246 1015 3333 λόγοις·

298 3355 384 3432 αίαῑ,
399 3348 472 3417 κατ’
482 3349 601 3419 όσσων
614 3353 766 3438 κιγχάνει
779 3349 815 3440 μ’
831 3346 893 3435 ἤδη
907 3347 1055 3426 σκότος’

297 3454 419 3531 λαβοῦ,
434 3449 555 3536 πάτερ,
570 3478 636 3536 μου
650 3455 707 3520 καί
722 3453 940 3540 κατόρθωσον
956 3450 1083 3534 δέμας·
1139 3461 1206 3515 14⁴⁵
