2517 3934
166 158 228 219 258
577 161 770 218 HAEKTPA

283 334 314 396 εί
326 333 442 415 χρῶμα
459 322 588 394 ταύτδν
606 334 770 413 κουρίμης
790 331 880 394 ἔσται
896 326 1026 414 τριχός·

283 437 377 517 φιλεῖ
388 428 469 517 γάρ,
485 425 565 517 αἷμα
579 426 704 499 ταύτὸν
718 425 767 510 οἷς
782 425 825 498 ἂν
839 420 861 519 ᾖ
875 429 1008 518 πατρός,

282 529 321 600 τὰ
335 528 429 600 πόλλ’
447 527 544 618 ὅμοια
558 530 708 618 σώματος
722 535 919 619 πεφυκέναι.

168 642 240 701 ΗΛ.
250 631 345 745 ρούκ
357 629 423 739 ίηξζ
443 630 582 721 ἀνδρός,
599 624 627 701 οὐ
641 634 759 722 γέρον,
773 640 885 721 σοφοῦ
898 635 1016 720 λέγεις,

283 742 314 804 εί
327 732 479 823 κρυπτὸν
495 741 541 814 είς
553 742 618 822 γῆν
633 731 726 823 τήνδ’
744 731 786 804 ἂν
799 741 969 822 Αἰγίσθου
983 734 1082 828 φόβῳ
1122 752 1172 806 ⁵2⁵

281 843 390 915 δοκεῖς
404 832 555 923 ἀδελφὸν
567 834 628 905 τὸν
642 835 723 925 έμύν
738 834 890 926 εὐθαρσῆ
904 844 1028 924 μολεῖν.
1066 903 1069 908 ,

281 945 393 1007 ἔπειτα
406 944 518 1026 χαίτης
533 945 602 1018 πῶς
617 946 807 1008 συνοίσεται
821 938 953 1024 πλόκος,

240 1051 266 1150 β
281 1036 300 1109 δ
314 1039 376 1126 μὲν
390 1048 606 1129 παλαίστραις
620 1037 744 1130 ἀνδρὸς
759 1037 920 1130 εὐγενοῦς
935 1046 1086 1128 τραφείς,

281 1141 299 1210 δ
314 1141 351 1210 δὲ
365 1159 553 1230 κτενισμοῖς
566 1117 792 1230 θῆλυςςοίλλ7
802 1139 981 1230 ιἰμήχανον.

279 1251 413 1322 πολλοῖς
428 1242 461 1312 δ’
479 1240 521 1313 δυ
536 1241 649 1332 εὕροις
664 1244 871 1333 βοστρύχους
884 1240 1090 1331 ὁμοπτέρους
1119 1259 1171 1313 530

279 1347 336 1414 καὶ
349 1343 394 1432 μὴ
409 1353 554 1433 γεγῶσιν
568 1352 703 1433 αἵματος
716 1343 859 1432 ταύτοῦ,
874 1347 984 1432 γέρον.

227 1499 234 1512 .
279 1443 371 1514 οὐδ’
389 1453 434 1526 είς
449 1458 539 1534 ῖχνος
552 1444 629 1535 βᾶσ’
647 1445 794 1536 σἰρβύλης
807 1450 926 1528 σκέψαι
942 1445 1052 1532 βύσιν,

281 1555 313 1617 εί
325 1548 512 1637 σύμμετρος
525 1556 574 1640 σῷ
589 1552 669 1618 ποδί
683 1550 874 1638 γενήσεται,
888 1551 1015 1617 τέκνον.

232 1702 238 1715 .
282 1656 351 1728 πῶς
366 1646 398 1717 δ’
415 1644 457 1718 ἂν
471 1647 594 1738 γένοιτ’
611 1646 654 1720 ἂν
668 1654 705 1719 έν
719 1653 903 1741 κραταιλέῳ
917 1652 1009 1739 πέδῳ

280 1758 376 1838 γαίας
389 1757 505 1821 ποδῶν
519 1759 722 1842 ἕκμακτρον;
738 1758 769 1821 εί
782 1748 814 1821 δ’
831 1758 922 1821 ἔστιν
936 1750 1022 1836 τόδε,
1118 1766 1173 1820 535

282 1859 379 1923 δυοῖν
392 1850 554 1941 ἀδελφοῖν
568 1851 653 1933 πούς
670 1849 713 1922 ἂν
727 1850 768 1922 οὐ
783 1849 907 1940 γένοιτ’
925 1863 994 1931 ίσος

279 1951 401 2044 ἀνδρός
417 1983 453 2023 τε
468 1959 524 2025 καὶ
538 1957 715 2044 γυναικός,
729 1952 803 2024 ἀλλ’
819 1952 926 2045 ἅρσην
939 1968 1063 2042 κρατεῖ.

227 2107 234 2121 .
282 2053 345 2124 οὐκ
360 2062 468 2143 ἔστιν,
485 2065 516 2126 εί
527 2060 583 2126 καὶ
596 2065 662 2145 γῆν
675 2065 872 2145 κασίγνητος
886 2055 997 2144 μόλοι,

278 2163 432 2245 κερκίδος
445 2155 511 2250 ὅτῳ
524 2166 640 2246 γνοίης
658 2153 700 2227 ἂν
718 2159 890 2246 ἐξύφασμα
902 2165 972 2244 σῆς,

279 2262 317 2327 έν
334 2249 362 2351 ᾦ
375 2256 450 2328 ποτ’
467 2258 573 2330 αὐτὸν
588 2263 746 2343 ἐξέκλεψα
759 2258 804 2347 μὴ
817 2271 956 2340 θανεῖνς
1116 2272 1174 2325 540

230 2412 238 2426 .
280 2357 342 2428 ούκ
358 2358 461 2448 οἷσθ’,
474 2358 628 2450 Ὀρέστης
644 2359 734 2449 ἡνίκ’
751 2365 901 2430 ἐκπίπτει
916 2359 1049 2447 χθονός,

277 2463 359 2530 νέαν
374 2458 408 2549 μ’
428 2460 474 2531 ἔτ’
492 2454 616 2546 οὖσαν,
634 2469 666 2532 εί
677 2463 714 2532 δὲ
727 2460 892 2552 κᾶκρεκον
906 2464 1062 2545 πέπλους,

279 2570 349 2643 πῶς
363 2558 405 2632 δν
419 2561 488 2634 τότ’
507 2560 555 2633 οὐν
575 2580 652 2644 παῖς
665 2562 772 2636 ταύτύ
789 2571 857 2634 νύν
875 2573 942 2652 έχοι
959 2561 1071 2652 φάρη,

279 2671 310 2734 εί
322 2664 367 2753 μὴ
382 2662 601 2749 ξυναύξοινθ’
618 2672 654 2735 οί
664 2669 782 2735 πέπλοι
796 2673 841 2758 τῷ
855 2665 999 2753 σύματι;

278 2764 353 2835 ἀλλ’
369 2765 390 2854 ἥ
405 2797 454 2848 τις
468 2766 575 2838 αὐτοῦ
589 2767 697 2855 τύφου
711 2771 917 2857 έποικτείρας
929 2768 1021 2848 ξένος
1114 2779 1171 2832 545

278 2867 434 2955 ἐκείρατ’,
449 2866 470 2957 ἢ
483 2876 584 2958 τῆσδε
598 2867 746 2949 σκοπούς
758 2867 876 2938 λαθών
890 2865 1022 2956 χθονός.

164 2975 230 3035 ΠΡ.
277 2974 312 3036 οί
324 2969 361 3038 δὲ
370 2971 458 3051 ξένοι
473 2979 555 3054 πούς
571 2972 734 3060 βούλομαι
748 2969 811 3059 γὰρ
828 2966 961 3038 είσιδύν

278 3067 401 3150 αὐτούς
416 3074 551 3159 ἐρέσθαι
566 3081 628 3141 σοῦ
643 3069 846 3160 κασιγνήτου
861 3074 945 3157 πέρι.

164 3178 235 3239 ΗΛ.
277 3168 341 3240 οἵδ’
359 3175 395 3241 ἐκ
410 3173 523 3261 δόμων
536 3181 692 3260 βαίνουσι
707 3180 857 3264 λαιψηρῷ
872 3176 961 3241 ποδί.

161 3281 197 3341 Π
200 3281 230 3341 Ρ.
277 3271 351 3342 ἀλλ’
370 3273 518 3363 εὐγενεῖς
531 3278 609 3362 με’ν,
625 3281 662 3344 ἐν
677 3276 714 3345 δὲ
727 3274 873 3365 κιβδήλῳ
886 3273 978 3341 τόδε·
1113 3283 1168 3337 σου

278 3379 395 3444 πολλοὶ
411 3375 474 3465 γὰρ
491 3372 585 3456 ὅντες
602 3374 751 3464 εὐγενεῖς
766 3384 851 3444 είσιν
864 3380 971 3443 κακοί.

277 3472 365 3563 ὅμως
381 3477 419 3546 δὲ
431 3485 560 3567 χαίρειν
574 3475 652 3557 τούς
666 3480 783 3560 ξένους
795 3480 1019 3564 προσεννέπω.
