<?xml version="1.0" encoding="UTF-8"?>
<!DOCTYPE html PUBLIC "-//W3C//DTD XHTML 1.0 Transitional//EN"
    "http://www.w3.org/TR/xhtml1/DTD/xhtml1-transitional.dtd">
<html xmlns="http://www.w3.org/1999/xhtml" xml:lang="en" lang="en">
 <head>
  <title>
</title>
<meta http-equiv="Content-Type" content="text/html;charset=utf-8" />
  <meta name='ocr-system' content='tesseract 3.04.00' />
  <meta name='ocr-capabilities' content='ocr_page ocr_carea ocr_par ocr_line ocrx_word'/>
</head>
<body>
  <div class='ocr_page' id='page_1' title='image "./euripidistragoe00naucgoog_0527.png"; bbox 0 0 2517 3934; ppageno 0'>
   <div class='ocr_carea' id='block_1_1' title="bbox 388 672 738 745">
    <p class='ocr_par' dir='ltr' id='par_1_1' title="bbox 388 672 738 745">
     <span class='ocr_line' id='line_1_1' title="bbox 388 672 738 745; baseline -0.009 -2"><span class='ocrx_word' id='word_1_1' title='bbox 388 672 738 745; x_wconf 71' lang='grc' dir='ltr'><strong><em>ΥΠΟΘΕΣΙΣ.</em></strong></span> 
     </span>
    </p>
   </div>
   <div class='ocr_carea' id='block_1_2' title="bbox 73 984 1092 3639">
    <p class='ocr_par' dir='ltr' id='par_1_2' title="bbox 73 984 1092 3639">
     <span class='ocr_line' id='line_1_2' title="bbox 161 984 1050 1081; baseline 0 -21"><span class='ocrx_word' id='word_1_2' title='bbox 161 990 291 1079; x_wconf 82' lang='grc' dir='ltr'><strong><em>Θησεύς</em></strong></span> <span class='ocrx_word' id='word_1_3' title='bbox 304 991 367 1079; x_wconf 69' lang='grc' dir='ltr'><strong><em>μὲν</em></strong></span> <span class='ocrx_word' id='word_1_4' title='bbox 379 984 423 1081; x_wconf 87' lang='grc' dir='ltr'><strong><em>ήν</em></strong></span> <span class='ocrx_word' id='word_1_5' title='bbox 437 1002 570 1079; x_wconf 81' lang='grc' dir='ltr'><strong><em>Αίθρας</em></strong></span> <span class='ocrx_word' id='word_1_6' title='bbox 583 993 640 1061; x_wconf 82' lang='grc' dir='ltr'><strong><em>καὶ</em></strong></span> <span class='ocrx_word' id='word_1_7' title='bbox 654 996 876 1078; x_wconf 76' lang='grc' dir='ltr'><strong><em>Ποσειδῶνος,</em></strong></span> <span class='ocrx_word' id='word_1_8' title='bbox 891 992 1050 1080; x_wconf 81' lang='grc' dir='ltr'><strong><em>βασιλεῦς</em></strong></span> 
     </span>
     <span class='ocr_line' id='line_1_3' title="bbox 79 1089 1050 1183; baseline -0.001 -20"><span class='ocrx_word' id='word_1_9' title='bbox 79 1094 121 1163; x_wconf 66' lang='grc' dir='ltr'><strong><em>δὲ</em></strong></span> <span class='ocrx_word' id='word_1_10' title='bbox 133 1089 340 1181; x_wconf 70' lang='grc' dir='ltr'><strong><em>Ἀθηναίων·</em></strong></span> <span class='ocrx_word' id='word_1_11' title='bbox 361 1095 467 1183; x_wconf 81' lang='grc' dir='ltr'><strong><em>γήμας</em></strong></span> <span class='ocrx_word' id='word_1_12' title='bbox 482 1094 520 1163; x_wconf 69' lang='grc' dir='ltr'><strong><em>δὲ</em></strong></span> <span class='ocrx_word' id='word_1_13' title='bbox 533 1102 613 1182; x_wconf 88' lang='grc' dir='ltr'><strong><em>μίαν</em></strong></span> <span class='ocrx_word' id='word_1_14' title='bbox 626 1102 696 1162; x_wconf 77' lang='grc' dir='ltr'><strong><em>τῶν</em></strong></span> <span class='ocrx_word' id='word_1_15' title='bbox 705 1091 928 1182; x_wconf 71' lang='grc' dir='ltr'><strong><em>Ἀμαζονίδων</em></strong></span> <span class='ocrx_word' id='word_1_16' title='bbox 937 1090 1050 1163; x_wconf 88' lang='grc' dir='ltr'><strong><em>Ἱππο-</em></strong></span> 
     </span>
     <span class='ocr_line' id='line_1_4' title="bbox 81 1194 1049 1286; baseline 0 -22"><span class='ocrx_word' id='word_1_17' title='bbox 81 1196 204 1283; x_wconf 91' lang='grc' dir='ltr'><strong><em>λύτην,</em></strong></span> <span class='ocrx_word' id='word_1_18' title='bbox 214 1194 411 1266; x_wconf 79' lang='grc' dir='ltr'><strong><em>Ἱππόλυτον</em></strong></span> <span class='ocrx_word' id='word_1_19' title='bbox 425 1200 583 1285; x_wconf 78' lang='grc' dir='ltr'><strong><em>ἐγέννησε</em></strong></span> <span class='ocrx_word' id='word_1_20' title='bbox 596 1196 711 1265; x_wconf 76' lang='grc' dir='ltr'><strong><em>κάλλει</em></strong></span> <span class='ocrx_word' id='word_1_21' title='bbox 725 1224 761 1265; x_wconf 89' lang='grc' dir='ltr'><strong><em>τε</em></strong></span> <span class='ocrx_word' id='word_1_22' title='bbox 775 1197 829 1265; x_wconf 76' lang='grc' dir='ltr'><strong><em>καί</em></strong></span> <span class='ocrx_word' id='word_1_23' title='bbox 844 1194 1049 1286; x_wconf 74' lang='grc' dir='ltr'><strong><em>σωφροσύνῃ</em></strong></span> 
     </span>
     <span class='ocr_line' id='line_1_5' title="bbox 80 1296 1050 1387; baseline -0.001 -21"><span class='ocrx_word' id='word_1_24' title='bbox 80 1300 299 1386; x_wconf 85' lang='grc' dir='ltr'><strong><em>διαφέροντα.</em></strong></span> <span class='ocrx_word' id='word_1_25' title='bbox 331 1302 403 1368; x_wconf 77' lang='grc' dir='ltr'><strong><em>ἐπεὶ</em></strong></span> <span class='ocrx_word' id='word_1_26' title='bbox 417 1300 455 1369; x_wconf 69' lang='grc' dir='ltr'><strong><em>δὲ</em></strong></span> <span class='ocrx_word' id='word_1_27' title='bbox 468 1296 489 1386; x_wconf 89' lang='grc' dir='ltr'><strong><em>ή</em></strong></span> <span class='ocrx_word' id='word_1_28' title='bbox 502 1306 709 1368; x_wconf 84' lang='grc' dir='ltr'><strong><em>συνοικοῦσα</em></strong></span> <span class='ocrx_word' id='word_1_29' title='bbox 723 1297 783 1368; x_wconf 86' lang='grc' dir='ltr'><strong><em>τόν</em></strong></span> <span class='ocrx_word' id='word_1_30' title='bbox 796 1306 873 1387; x_wconf 81' lang='grc' dir='ltr'><strong><em>βίον</em></strong></span> <span class='ocrx_word' id='word_1_31' title='bbox 886 1298 1050 1386; x_wconf 89' lang='grc' dir='ltr'><strong><em>μετήλλα-</em></strong></span> 
     </span>
     <span class='ocr_line' id='line_1_6' title="bbox 79 1399 1078 1489; baseline 0.005 -21"><span class='ocrx_word' id='word_1_32' title='bbox 79 1404 155 1485; x_wconf 84' lang='grc' dir='ltr'><strong><em>ξεν,</em></strong></span> <span class='ocrx_word' id='word_1_33' title='bbox 171 1401 405 1489; x_wconf 76' lang='grc' dir='ltr'><strong><em>ἐπεισηγάγετο</em></strong></span> <span class='ocrx_word' id='word_1_34' title='bbox 419 1399 592 1489; x_wconf 78' lang='grc' dir='ltr'><strong><em>Κρητικὴν</em></strong></span> <span class='ocrx_word' id='word_1_35' title='bbox 605 1416 766 1489; x_wconf 86' lang='grc' dir='ltr'><strong><em>γυναῖκα,</em></strong></span> <span class='ocrx_word' id='word_1_36' title='bbox 788 1399 849 1489; x_wconf 90' lang='grc' dir='ltr'><strong><em>τήν</em></strong></span> <span class='ocrx_word' id='word_1_37' title='bbox 862 1409 965 1469; x_wconf 83' lang='grc' dir='ltr'><strong><em>Μίνω</em></strong></span> <span class='ocrx_word' id='word_1_38' title='bbox 985 1409 1047 1469; x_wconf 86' lang='grc' dir='ltr'><strong><em>τοῦ</em></strong></span> <span class='ocrx_word' id='word_1_39' title='bbox 1061 1421 1078 1473; x_wconf 82' lang='grc'>5</span> 
     </span>
     <span class='ocr_line' id='line_1_7' title="bbox 79 1499 1048 1594; baseline 0.002 -25"><span class='ocrx_word' id='word_1_40' title='bbox 79 1510 227 1591; x_wconf 80' lang='grc' dir='ltr'><strong><em>Κρητῶν</em></strong></span> <span class='ocrx_word' id='word_1_41' title='bbox 246 1508 409 1591; x_wconf 81' lang='grc' dir='ltr'><strong><em>βασιλέως</em></strong></span> <span class='ocrx_word' id='word_1_42' title='bbox 426 1508 600 1593; x_wconf 79' lang='grc' dir='ltr'><strong><em>θυγατέρα</em></strong></span> <span class='ocrx_word' id='word_1_43' title='bbox 618 1509 783 1594; x_wconf 81' lang='grc' dir='ltr'><strong><em>Φαίδραν.</em></strong></span> <span class='ocrx_word' id='word_1_44' title='bbox 818 1499 836 1573; x_wconf 87' lang='grc' dir='ltr'>ὁ</span> <span class='ocrx_word' id='word_1_45' title='bbox 858 1503 896 1572; x_wconf 74' lang='grc' dir='ltr'><strong><em>δὲ</em></strong></span> <span class='ocrx_word' id='word_1_46' title='bbox 918 1501 1048 1590; x_wconf 80' lang='grc' dir='ltr'><strong><em>Θησεύς</em></strong></span> 
     </span>
     <span class='ocr_line' id='line_1_8' title="bbox 79 1604 1048 1695; baseline 0.002 -23"><span class='ocrx_word' id='word_1_47' title='bbox 79 1604 262 1674; x_wconf 82' lang='grc' dir='ltr'><strong><em>Πάλλαντα</em></strong></span> <span class='ocrx_word' id='word_1_48' title='bbox 290 1609 350 1675; x_wconf 80' lang='grc' dir='ltr'><strong><em>ἕνα</em></strong></span> <span class='ocrx_word' id='word_1_49' title='bbox 376 1614 444 1675; x_wconf 79' lang='grc' dir='ltr'><strong><em>τῶν</em></strong></span> <span class='ocrx_word' id='word_1_50' title='bbox 471 1614 647 1695; x_wconf 79' lang='grc' dir='ltr'><strong><em>συγγενῶν</em></strong></span> <span class='ocrx_word' id='word_1_51' title='bbox 670 1606 839 1693; x_wconf 79' lang='grc' dir='ltr'><strong><em>φονεύσας</em></strong></span> <span class='ocrx_word' id='word_1_52' title='bbox 859 1605 980 1693; x_wconf 85' lang='grc' dir='ltr'><strong><em>φεύγει</em></strong></span> <span class='ocrx_word' id='word_1_53' title='bbox 1002 1612 1048 1687; x_wconf 82' lang='grc' dir='ltr'><strong><em>είς</em></strong></span> 
     </span>
     <span class='ocr_line' id='line_1_9' title="bbox 83 1698 1049 1797; baseline 0.002 -23"><span class='ocrx_word' id='word_1_54' title='bbox 83 1715 250 1795; x_wconf 82' lang='grc' dir='ltr'><strong><em>Τροιζῆνα</em></strong></span> <span class='ocrx_word' id='word_1_55' title='bbox 262 1707 344 1795; x_wconf 82' lang='grc' dir='ltr'><strong><em>μετὰ</em></strong></span> <span class='ocrx_word' id='word_1_56' title='bbox 359 1715 415 1796; x_wconf 81' lang='grc' dir='ltr'><strong><em>τής</em></strong></span> <span class='ocrx_word' id='word_1_57' title='bbox 429 1709 604 1796; x_wconf 84' lang='grc' dir='ltr'><strong><em>γυναικός,</em></strong></span> <span class='ocrx_word' id='word_1_58' title='bbox 619 1698 662 1778; x_wconf 91' lang='grc' dir='ltr'><strong><em>οῦ</em></strong></span> <span class='ocrx_word' id='word_1_59' title='bbox 675 1710 854 1797; x_wconf 82' lang='grc' dir='ltr'><strong><em>συνέβαινε</em></strong></span> <span class='ocrx_word' id='word_1_60' title='bbox 868 1709 928 1778; x_wconf 91' lang='grc' dir='ltr'><strong><em>τὸν</em></strong></span> <span class='ocrx_word' id='word_1_61' title='bbox 937 1706 1049 1777; x_wconf 90' lang='grc' dir='ltr'><strong><em>Ἱππό-</em></strong></span> 
     </span>
     <span class='ocr_line' id='line_1_10' title="bbox 79 1808 1049 1899; baseline 0.002 -22"><span class='ocrx_word' id='word_1_62' title='bbox 79 1817 186 1877; x_wconf 87' lang='grc' dir='ltr'><strong><em>λυτον</em></strong></span> <span class='ocrx_word' id='word_1_63' title='bbox 199 1808 289 1895; x_wconf 81' lang='grc' dir='ltr'><strong><em>παρὰ</em></strong></span> <span class='ocrx_word' id='word_1_64' title='bbox 301 1819 428 1880; x_wconf 78' lang='grc' dir='ltr'><strong><em>Πιτθεῖ</em></strong></span> <span class='ocrx_word' id='word_1_65' title='bbox 438 1814 639 1898; x_wconf 87' lang='grc' dir='ltr'><strong><em>τρέφεσθαι·</em></strong></span> <span class='ocrx_word' id='word_1_66' title='bbox 654 1813 847 1899; x_wconf 78' lang='grc' dir='ltr'><strong><em>θεασαμένη</em></strong></span> <span class='ocrx_word' id='word_1_67' title='bbox 865 1811 903 1880; x_wconf 73' lang='grc' dir='ltr'><strong><em>δὲ</em></strong></span> <span class='ocrx_word' id='word_1_68' title='bbox 916 1809 976 1880; x_wconf 91' lang='grc' dir='ltr'><strong><em>τὸν</em></strong></span> <span class='ocrx_word' id='word_1_69' title='bbox 989 1838 1049 1880; x_wconf 90' lang='grc' dir='ltr'><strong><em>νε-</em></strong></span> 
     </span>
     <span class='ocr_line' id='line_1_11' title="bbox 77 1909 1092 2002; baseline 0.002 -24"><span class='ocrx_word' id='word_1_70' title='bbox 77 1918 222 1980; x_wconf 92' lang='grc' dir='ltr'><strong><em>ανίσκον</em></strong></span> <span class='ocrx_word' id='word_1_71' title='bbox 242 1909 410 2000; x_wconf 84' lang='grc' dir='ltr'><strong><em>ήΦαίδρα</em></strong></span> <span class='ocrx_word' id='word_1_72' title='bbox 433 1921 479 1994; x_wconf 83' lang='grc' dir='ltr'><strong><em>είς</em></strong></span> <span class='ocrx_word' id='word_1_73' title='bbox 498 1917 684 2002; x_wconf 83' lang='grc' dir='ltr'><strong><em>ἐπιθυμίαν</em></strong></span> <span class='ocrx_word' id='word_1_74' title='bbox 699 1910 863 1998; x_wconf 80' lang='grc' dir='ltr'><strong><em>ύλισθεν,</em></strong></span> <span class='ocrx_word' id='word_1_75' title='bbox 887 1910 951 1981; x_wconf 92' lang='grc' dir='ltr'><strong><em>ούκ</em></strong></span> <span class='ocrx_word' id='word_1_76' title='bbox 966 1910 1047 1983; x_wconf 85' lang='grc' dir='ltr'><strong><em>ἆκό-</em></strong></span> <span class='ocrx_word' id='word_1_77' title='bbox 1059 1928 1092 1981; x_wconf 89' lang='grc'><strong><em>10</em></strong></span> 
     </span>
     <span class='ocr_line' id='line_1_12' title="bbox 79 2006 1049 2104; baseline 0.003 -24"><span class='ocrx_word' id='word_1_78' title='bbox 79 2022 200 2093; x_wconf 79' lang='grc' dir='ltr'><strong><em>λαστος</em></strong></span> <span class='ocrx_word' id='word_1_79' title='bbox 219 2006 321 2100; x_wconf 91' lang='grc' dir='ltr'><strong><em>οῦσα,</em></strong></span> <span class='ocrx_word' id='word_1_80' title='bbox 345 2022 518 2104; x_wconf 78' lang='grc' dir='ltr'><strong><em>πληροῦσα</em></strong></span> <span class='ocrx_word' id='word_1_81' title='bbox 539 2013 786 2104; x_wconf 71' lang='grc' dir='ltr'><strong><em>δὲἈφροδίτης</em></strong></span> <span class='ocrx_word' id='word_1_82' title='bbox 804 2021 923 2103; x_wconf 88' lang='grc' dir='ltr'><strong><em>μήνιν,</em></strong></span> <span class='ocrx_word' id='word_1_83' title='bbox 946 2011 969 2103; x_wconf 81' lang='grc' dir='ltr'><strong><em>ἢ</em></strong></span> <span class='ocrx_word' id='word_1_84' title='bbox 990 2014 1049 2084; x_wconf 89' lang='grc' dir='ltr'><strong><em>τὸν</em></strong></span> 
     </span>
     <span class='ocr_line' id='line_1_13' title="bbox 73 2112 1047 2208; baseline 0.001 -24"><span class='ocrx_word' id='word_1_85' title='bbox 73 2112 272 2186; x_wconf 74' lang='grc' dir='ltr'><strong><em>Ἱππόλυτον</em></strong></span> <span class='ocrx_word' id='word_1_86' title='bbox 292 2114 348 2186; x_wconf 85' lang='grc' dir='ltr'><strong><em>διδι</em></strong></span> <span class='ocrx_word' id='word_1_87' title='bbox 368 2117 594 2208; x_wconf 89' lang='grc' dir='ltr'><strong><em>σωφροσύνην</em></strong></span> <span class='ocrx_word' id='word_1_88' title='bbox 617 2114 751 2187; x_wconf 81' lang='grc' dir='ltr'><strong><em>ῦνελεῖν</em></strong></span> <span class='ocrx_word' id='word_1_89' title='bbox 771 2125 930 2207; x_wconf 84' lang='grc' dir='ltr'><strong><em>κρίνασα,</em></strong></span> <span class='ocrx_word' id='word_1_90' title='bbox 956 2120 1047 2197; x_wconf 63' lang='grc' dir='ltr'><strong><em>τέλος</em></strong></span> 
     </span>
     <span class='ocr_line' id='line_1_14' title="bbox 76 2218 1048 2309; baseline 0.002 -24"><span class='ocrx_word' id='word_1_91' title='bbox 76 2231 149 2296; x_wconf 84' lang='grc' dir='ltr'><strong><em>τοῖς</em></strong></span> <span class='ocrx_word' id='word_1_92' title='bbox 164 2230 379 2305; x_wconf 88' lang='grc' dir='ltr'><strong><em>προτεθεῖσιν</em></strong></span> <span class='ocrx_word' id='word_1_93' title='bbox 393 2227 506 2309; x_wconf 79' lang='grc' dir='ltr'><strong><em>ἔθηκε.</em></strong></span> <span class='ocrx_word' id='word_1_94' title='bbox 543 2221 707 2309; x_wconf 83' lang='grc' dir='ltr'><strong><em>στέγουσα</em></strong></span> <span class='ocrx_word' id='word_1_95' title='bbox 724 2220 762 2289; x_wconf 70' lang='grc' dir='ltr'><strong><em>δὲ</em></strong></span> <span class='ocrx_word' id='word_1_96' title='bbox 777 2218 839 2308; x_wconf 83' lang='grc' dir='ltr'><strong><em>τήν</em></strong></span> <span class='ocrx_word' id='word_1_97' title='bbox 852 2220 956 2288; x_wconf 92' lang='grc' dir='ltr'><strong><em>νόσον</em></strong></span> <span class='ocrx_word' id='word_1_98' title='bbox 968 2219 1048 2309; x_wconf 87' lang='grc' dir='ltr'><strong><em>χρό-</em></strong></span> 
     </span>
     <span class='ocr_line' id='line_1_15' title="bbox 74 2320 1049 2411; baseline 0.001 -22"><span class='ocrx_word' id='word_1_99' title='bbox 74 2347 129 2410; x_wconf 80' lang='grc' dir='ltr'><strong><em>νῳ</em></strong></span> <span class='ocrx_word' id='word_1_100' title='bbox 150 2320 234 2406; x_wconf 82' lang='grc' dir='ltr'><strong><em>πρὸς</em></strong></span> <span class='ocrx_word' id='word_1_101' title='bbox 252 2321 315 2410; x_wconf 81' lang='grc' dir='ltr'><strong><em>τὴν</em></strong></span> <span class='ocrx_word' id='word_1_102' title='bbox 333 2321 463 2410; x_wconf 85' lang='grc' dir='ltr'><strong><em>τροφόν</em></strong></span> <span class='ocrx_word' id='word_1_103' title='bbox 477 2329 625 2410; x_wconf 80' lang='grc' dir='ltr'><strong><em>δηλῶσαι</em></strong></span> <span class='ocrx_word' id='word_1_104' title='bbox 644 2320 860 2411; x_wconf 85' lang='grc' dir='ltr'><strong><em>ήναγκύσθη,</em></strong></span> <span class='ocrx_word' id='word_1_105' title='bbox 882 2349 1049 2408; x_wconf 90' lang='grc' dir='ltr'><strong><em>κατεπαγ-</em></strong></span> 
     </span>
     <span class='ocr_line' id='line_1_16' title="bbox 76 2420 1091 2515; baseline 0.006 -27"><span class='ocrx_word' id='word_1_106' title='bbox 76 2426 282 2511; x_wconf 83' lang='grc' dir='ltr'><strong><em>γειλαμένην</em></strong></span> <span class='ocrx_word' id='word_1_107' title='bbox 295 2422 381 2515; x_wconf 81' lang='grc' dir='ltr'><strong><em>αύτῇ</em></strong></span> <span class='ocrx_word' id='word_1_108' title='bbox 400 2425 601 2514; x_wconf 81' lang='grc' dir='ltr'><strong><em>βοηθήσειν·</em></strong></span> <span class='ocrx_word' id='word_1_109' title='bbox 629 2420 701 2513; x_wconf 85' lang='grc' dir='ltr'><strong><em>ήτις</em></strong></span> <span class='ocrx_word' id='word_1_110' title='bbox 715 2422 799 2494; x_wconf 79' lang='grc' dir='ltr'><strong><em>κατὰ</em></strong></span> <span class='ocrx_word' id='word_1_111' title='bbox 812 2423 874 2513; x_wconf 86' lang='grc' dir='ltr'><strong><em>τήν</em></strong></span> <span class='ocrx_word' id='word_1_112' title='bbox 888 2430 1049 2514; x_wconf 87' lang='grc' dir='ltr'><strong><em>προαίρε-</em></strong></span> <span class='ocrx_word' id='word_1_113' title='bbox 1058 2442 1091 2494; x_wconf 79' lang='grc'><strong><em>15</em></strong></span> 
     </span>
     <span class='ocr_line' id='line_1_17' title="bbox 75 2522 1049 2619; baseline 0.003 -28"><span class='ocrx_word' id='word_1_114' title='bbox 75 2544 137 2592; x_wconf 94' lang='grc' dir='ltr'><strong><em>σιν</em></strong></span> <span class='ocrx_word' id='word_1_115' title='bbox 157 2522 280 2613; x_wconf 81' lang='grc' dir='ltr'><strong><em>λόγους</em></strong></span> <span class='ocrx_word' id='word_1_116' title='bbox 300 2527 508 2616; x_wconf 81' lang='grc' dir='ltr'><strong><em>προσήνεγκε</em></strong></span> <span class='ocrx_word' id='word_1_117' title='bbox 525 2535 571 2619; x_wconf 77' lang='grc' dir='ltr'><strong><em>τῷ</em></strong></span> <span class='ocrx_word' id='word_1_118' title='bbox 585 2535 762 2619; x_wconf 81' lang='grc' dir='ltr'><strong><em>νεανίσκῳ.</em></strong></span> <span class='ocrx_word' id='word_1_119' title='bbox 797 2526 1049 2615; x_wconf 84' lang='grc' dir='ltr'><strong><em>τραχυνόμενον</em></strong></span> 
     </span>
     <span class='ocr_line' id='line_1_18' title="bbox 75 2622 1049 2720; baseline 0.005 -28"><span class='ocrx_word' id='word_1_120' title='bbox 75 2625 117 2694; x_wconf 70' lang='grc' dir='ltr'><strong><em>δὲ</em></strong></span> <span class='ocrx_word' id='word_1_121' title='bbox 138 2622 244 2696; x_wconf 85' lang='grc' dir='ltr'><strong><em>αῦτὸν</em></strong></span> <span class='ocrx_word' id='word_1_122' title='bbox 267 2625 288 2716; x_wconf 88' lang='grc' dir='ltr'><strong><em>ή</em></strong></span> <span class='ocrx_word' id='word_1_123' title='bbox 305 2635 438 2716; x_wconf 90' lang='grc' dir='ltr'><strong><em>Φαίδρα</em></strong></span> <span class='ocrx_word' id='word_1_124' title='bbox 457 2637 699 2716; x_wconf 84' lang='grc' dir='ltr'><strong><em>καταμαθοῦσα</em></strong></span> <span class='ocrx_word' id='word_1_125' title='bbox 713 2637 753 2720; x_wconf 86' lang='grc' dir='ltr'><strong><em>τή</em></strong></span> <span class='ocrx_word' id='word_1_126' title='bbox 767 2629 830 2717; x_wconf 70' lang='grc' dir='ltr'><strong><em>μὲν</em></strong></span> <span class='ocrx_word' id='word_1_127' title='bbox 843 2636 957 2720; x_wconf 77' lang='grc' dir='ltr'><strong><em>τροφῷ</em></strong></span> <span class='ocrx_word' id='word_1_128' title='bbox 972 2631 1049 2697; x_wconf 82' lang='grc' dir='ltr'><strong><em>έπέ-</em></strong></span> 
     </span>
     <span class='ocr_line' id='line_1_19' title="bbox 76 2727 1049 2821; baseline 0.004 -27"><span class='ocrx_word' id='word_1_129' title='bbox 76 2732 221 2815; x_wconf 83' lang='grc' dir='ltr'><strong><em>πληξεν,</em></strong></span> <span class='ocrx_word' id='word_1_130' title='bbox 244 2727 352 2819; x_wconf 85' lang='grc' dir='ltr'><strong><em>αῦτήν</em></strong></span> <span class='ocrx_word' id='word_1_131' title='bbox 371 2731 409 2800; x_wconf 72' lang='grc' dir='ltr'><strong><em>δὲ</em></strong></span> <span class='ocrx_word' id='word_1_132' title='bbox 429 2728 603 2821; x_wconf 79' lang='grc' dir='ltr'><strong><em>ἀνήρτησε.</em></strong></span> <span class='ocrx_word' id='word_1_133' title='bbox 638 2728 720 2800; x_wconf 89' lang='grc' dir='ltr'><strong><em>καθ’</em></strong></span> <span class='ocrx_word' id='word_1_134' title='bbox 743 2728 783 2799; x_wconf 86' lang='grc' dir='ltr'><strong><em>ῦυ</em></strong></span> <span class='ocrx_word' id='word_1_135' title='bbox 797 2730 916 2818; x_wconf 91' lang='grc' dir='ltr'><strong><em>καιρὸν</em></strong></span> <span class='ocrx_word' id='word_1_136' title='bbox 931 2732 1049 2817; x_wconf 85' lang='grc' dir='ltr'><strong><em>φανεὶς</em></strong></span> 
     </span>
     <span class='ocr_line' id='line_1_20' title="bbox 76 2828 1047 2921; baseline 0.003 -24"><span class='ocrx_word' id='word_1_137' title='bbox 76 2828 212 2916; x_wconf 79' lang='grc' dir='ltr'><strong><em>Θησεύς</em></strong></span> <span class='ocrx_word' id='word_1_138' title='bbox 231 2835 287 2901; x_wconf 83' lang='grc' dir='ltr'><strong><em>καλ</em></strong></span> <span class='ocrx_word' id='word_1_139' title='bbox 306 2843 466 2903; x_wconf 79' lang='grc' dir='ltr'><strong><em>καθελεῖν</em></strong></span> <span class='ocrx_word' id='word_1_140' title='bbox 486 2834 645 2903; x_wconf 80' lang='grc' dir='ltr'><strong><em>σπεύδων</em></strong></span> <span class='ocrx_word' id='word_1_141' title='bbox 665 2831 726 2921; x_wconf 82' lang='grc' dir='ltr'><strong><em>τήν</em></strong></span> <span class='ocrx_word' id='word_1_142' title='bbox 746 2830 1047 2920; x_wconf 83' lang='grc' dir='ltr'><strong><em>ἄπηγχονισμένην,</em></strong></span> 
     </span>
     <span class='ocr_line' id='line_1_21' title="bbox 76 2922 1091 3025; baseline 0.003 -26"><span class='ocrx_word' id='word_1_143' title='bbox 76 2922 182 3015; x_wconf 88' lang='grc' dir='ltr'><strong><em>εῦρεν</em></strong></span> <span class='ocrx_word' id='word_1_144' title='bbox 196 2930 281 3024; x_wconf 80' lang='grc' dir='ltr'><strong><em>αὐτῇ</em></strong></span> <span class='ocrx_word' id='word_1_145' title='bbox 295 2939 572 3025; x_wconf 87' lang='grc' dir='ltr'><strong><em>προσηρτημένην</em></strong></span> <span class='ocrx_word' id='word_1_146' title='bbox 586 2938 720 3023; x_wconf 87' lang='grc' dir='ltr'><strong><em>δέλτον,</em></strong></span> <span class='ocrx_word' id='word_1_147' title='bbox 735 2932 784 3004; x_wconf 91' lang='grc' dir='ltr'><strong><em>δι’</em></strong></span> <span class='ocrx_word' id='word_1_148' title='bbox 801 2926 840 3023; x_wconf 88' lang='grc' dir='ltr'><strong><em>ής</em></strong></span> <span class='ocrx_word' id='word_1_149' title='bbox 851 2932 1047 3004; x_wconf 87' lang='grc' dir='ltr'><strong><em>Ἱππολύτου</em></strong></span> <span class='ocrx_word' id='word_1_150' title='bbox 1056 2948 1091 3001; x_wconf 71' lang='lat'><strong><em>20</em></strong></span> 
     </span>
     <span class='ocr_line' id='line_1_22' title="bbox 75 3032 1049 3126; baseline 0.005 -25"><span class='ocrx_word' id='word_1_151' title='bbox 75 3032 220 3121; x_wconf 75' lang='grc' dir='ltr'><strong><em>φθορὰν</em></strong></span> <span class='ocrx_word' id='word_1_152' title='bbox 236 3038 414 3125; x_wconf 88' lang='grc' dir='ltr'><strong><em>κατηγόρει</em></strong></span> <span class='ocrx_word' id='word_1_153' title='bbox 428 3040 485 3107; x_wconf 82' lang='grc' dir='ltr'><strong><em>καὶ</em></strong></span> <span class='ocrx_word' id='word_1_154' title='bbox 499 3038 693 3126; x_wconf 81' lang='grc' dir='ltr'><strong><em>ἐπιβουλήν.</em></strong></span> <span class='ocrx_word' id='word_1_155' title='bbox 728 3038 908 3117; x_wconf 82' lang='grc' dir='ltr'><strong><em>πιστεύσας</em></strong></span> <span class='ocrx_word' id='word_1_156' title='bbox 930 3038 968 3107; x_wconf 78' lang='grc' dir='ltr'><strong><em>δὲ</em></strong></span> <span class='ocrx_word' id='word_1_157' title='bbox 981 3052 1049 3118; x_wconf 79' lang='grc' dir='ltr'><strong><em>τοῖς</em></strong></span> 
     </span>
     <span class='ocr_line' id='line_1_23' title="bbox 75 3137 1047 3228; baseline 0.004 -24"><span class='ocrx_word' id='word_1_158' title='bbox 75 3142 321 3224; x_wconf 81' lang='grc' dir='ltr'><strong><em>γεγραμμένοις</em></strong></span> <span class='ocrx_word' id='word_1_159' title='bbox 347 3137 407 3209; x_wconf 85' lang='grc' dir='ltr'><strong><em>τὸν</em></strong></span> <span class='ocrx_word' id='word_1_160' title='bbox 433 3140 495 3226; x_wconf 72' lang='grc' dir='ltr'><strong><em>μέν</em></strong></span> <span class='ocrx_word' id='word_1_161' title='bbox 511 3137 708 3209; x_wconf 90' lang='grc' dir='ltr'><strong><em>Ἱππόλυτον</em></strong></span> <span class='ocrx_word' id='word_1_162' title='bbox 734 3142 868 3223; x_wconf 80' lang='grc' dir='ltr'><strong><em>ἐπέταξε</em></strong></span> <span class='ocrx_word' id='word_1_163' title='bbox 895 3139 1047 3228; x_wconf 85' lang='grc' dir='ltr'><strong><em>φεύγειν,</em></strong></span> 
     </span>
     <span class='ocr_line' id='line_1_24' title="bbox 75 3233 1047 3332; baseline 0.004 -25"><span class='ocrx_word' id='word_1_164' title='bbox 75 3236 181 3318; x_wconf 82' lang='grc' dir='ltr'><strong><em>αὐτὸς</em></strong></span> <span class='ocrx_word' id='word_1_165' title='bbox 201 3240 239 3309; x_wconf 72' lang='grc' dir='ltr'><strong><em>δὲ</em></strong></span> <span class='ocrx_word' id='word_1_166' title='bbox 258 3247 304 3332; x_wconf 77' lang='grc' dir='ltr'><strong><em>τῷ</em></strong></span> <span class='ocrx_word' id='word_1_167' title='bbox 317 3247 508 3311; x_wconf 78' lang='grc' dir='ltr'><strong><em>Ποσειδῶνι</em></strong></span> <span class='ocrx_word' id='word_1_168' title='bbox 530 3240 613 3329; x_wconf 78' lang='grc' dir='ltr'><strong><em>ἀρὰς</em></strong></span> <span class='ocrx_word' id='word_1_169' title='bbox 627 3250 742 3328; x_wconf 84' lang='grc' dir='ltr'><strong><em>έθετο,</em></strong></span> <span class='ocrx_word' id='word_1_170' title='bbox 764 3233 814 3311; x_wconf 83' lang='grc' dir='ltr'><strong><em>οῦν</em></strong></span> <span class='ocrx_word' id='word_1_171' title='bbox 827 3242 1015 3321; x_wconf 83' lang='grc' dir='ltr'><strong><em>ἐπακούσας</em></strong></span> <span class='ocrx_word' id='word_1_172' title='bbox 1029 3238 1047 3311; x_wconf 83' lang='grc' dir='ltr'><strong><em>ὅ</em></strong></span> 
     </span>
     <span class='ocr_line' id='line_1_25' title="bbox 76 3311 1048 3432; baseline 0.005 -25"><span class='ocrx_word' id='word_1_173' title='bbox 76 3339 204 3420; x_wconf 82' lang='grc' dir='ltr'><strong><em>θεὸς</em></strong></span> <span class='ocrx_word' id='word_1_174' title='bbox 173 3369 234 3409; x_wconf 92' lang='grc' dir='ltr'><strong><em>τον</em></strong></span> <span class='ocrx_word' id='word_1_175' title='bbox 243 3311 440 3413; x_wconf 80' lang='grc' dir='ltr'><strong><em>Ἱύπόλυτον</em></strong></span> <span class='ocrx_word' id='word_1_176' title='bbox 454 3346 662 3431; x_wconf 89' lang='grc' dir='ltr'><strong><em>διέφθειρεν.</em></strong></span> <span class='ocrx_word' id='word_1_177' title='bbox 687 3340 843 3432; x_wconf 75' lang='grc' dir='ltr'><strong><em>’Ἄρτεμις</em></strong></span> <span class='ocrx_word' id='word_1_178' title='bbox 857 3345 895 3413; x_wconf 77' lang='grc' dir='ltr'><strong><em>δὲ</em></strong></span> <span class='ocrx_word' id='word_1_179' title='bbox 908 3352 976 3412; x_wconf 80' lang='grc' dir='ltr'><strong><em>τῶν</em></strong></span> <span class='ocrx_word' id='word_1_180' title='bbox 990 3371 1048 3432; x_wconf 90' lang='grc' dir='ltr'><strong><em>γε-</em></strong></span> 
     </span>
     <span class='ocr_line' id='line_1_26' title="bbox 75 3443 1088 3570; baseline 0.009 -61"><span class='ocrx_word' id='word_1_181' title='bbox 75 3445 274 3531; x_wconf 87' lang='grc' dir='ltr'><strong><em>γενημένων</em></strong></span> <span class='ocrx_word' id='word_1_182' title='bbox 288 3448 429 3515; x_wconf 80' lang='grc' dir='ltr'><strong><em>ἕκαστον</em></strong></span> <span class='ocrx_word' id='word_1_183' title='bbox 441 3448 675 3570; x_wconf 81' lang='grc' dir='ltr'><strong><em>διασαφήσασα</em></strong></span> <span class='ocrx_word' id='word_1_184' title='bbox 685 3456 803 3535; x_wconf 81' lang='grc' dir='ltr'><strong><em>Θησεῖ,</em></strong></span> <span class='ocrx_word' id='word_1_185' title='bbox 818 3443 880 3556; x_wconf 83' lang='grc' dir='ltr'><strong><em>τήν</em></strong></span> <span class='ocrx_word' id='word_1_186' title='bbox 892 3447 954 3534; x_wconf 86' lang='grc' dir='ltr'><strong><em>μεν</em></strong></span> <span class='ocrx_word' id='word_1_187' title='bbox 962 3454 1048 3515; x_wconf 88' lang='grc' dir='ltr'><strong><em>Φαί-</em></strong></span> <span class='ocrx_word' id='word_1_188' title='bbox 1055 3464 1088 3518; x_wconf 71' lang='lat'><strong><em>25</em></strong></span> 
     </span>
     <span class='ocr_line' id='line_1_27' title="bbox 76 3542 1047 3639; baseline 0.009 -29"><span class='ocrx_word' id='word_1_189' title='bbox 76 3542 221 3630; x_wconf 85' lang='grc' dir='ltr'><strong><em>δραν’</em></strong></span> <span class='ocrx_word' id='word_1_190' title='bbox 180 3575 222 3615; x_wconf 92' lang='grc' dir='ltr'><strong><em>ου</em></strong></span> <span class='ocrx_word' id='word_1_191' title='bbox 237 3550 484 3636; x_wconf 77' lang='grc' dir='ltr'><strong><em>κατεμέμψατο,</em></strong></span> <span class='ocrx_word' id='word_1_192' title='bbox 505 3555 626 3619; x_wconf 88' lang='grc' dir='ltr'><strong><em>τοῦτον</em></strong></span> <span class='ocrx_word' id='word_1_193' title='bbox 641 3562 679 3617; x_wconf 83' lang='grc' dir='ltr'><strong><em>δε</em></strong></span> <span class='ocrx_word' id='word_1_194' title='bbox 691 3548 953 3639; x_wconf 76' lang='grc' dir='ltr'><strong><em>παρεμυθήσατο</em></strong></span> <span class='ocrx_word' id='word_1_195' title='bbox 967 3550 1047 3619; x_wconf 86' lang='grc' dir='ltr'><strong><em>υιοῦ</em></strong></span> 
     </span>
    </p>
   </div>
   <div class='ocr_carea' id='block_1_3' title="bbox 0 0 1264 3934">
    <p class='ocr_par' dir='ltr' id='par_1_3' title="bbox 0 0 1264 3934">
     <span class='ocr_line' id='line_1_28' title="bbox 0 0 1264 3934; baseline 0 2"><span class='ocrx_word' id='word_1_196' title='bbox 0 0 1264 3934; x_wconf 95' lang='lat' dir='ltr'><strong><em> </em></strong></span> 
     </span>
    </p>
   </div>
  </div>
 </body>
</html>
