2517 3934
186 169 246 232 112
599 175 755 233 BAEXAI

188 353 256 414 HE.
297 352 364 428 τίς;
383 333 463 422 τοῦς
472 342 593 429 λόγους
607 340 671 431 γάρ
686 343 853 431 είσφέρεις
866 344 1007 427 καινούς
1019 343 1084 418 άεί.
1144 366 1199 422 6ου

185 456 245 517 ΔΙ.
300 444 336 529 ὃς
351 446 412 535 τὴν
426 446 641 533 πολύβοτρυν
655 441 805 531 ἄμπελον
819 445 901 532 φύει
915 455 1060 537 βροτοῖς.

183 559 256 620 HE.
299 548 475 627 ὠνείδισας
489 547 530 635 δὴ
545 553 644 616 τοῦτο
660 547 820 640 Διονύσῳ
834 549 949 619 καλόν.

182 661 245 728 AI,
298 658 657 706 mmmm

182 769 255 831 HE.
297 753 415 847 κλῄειν
429 751 557 820 κελεύω
572 751 681 820 πάντα
696 751 829 840 πύργου
843 757 881 823 ἐν
894 754 1021 846 κύκλφ.

105 849 107 865 ’
182 868 244 931 ΔΙ.
297 868 333 929 τί
348 852 394 940 ⁶⁹3
409 851 473 939 ούχ
485 849 731 941 ὑπερβαίνουσι
745 856 802 923 καὶ
815 861 907 944 τείχη
921 864 1002 925 θεοί
1006 887 1015 939 3

182 972 256 1032 HE.
297 958 402 1048 σοφὸς
416 953 521 1045 σοφός
539 954 595 1043 σύ,
609 953 698 1043 πλὴν
713 952 735 1024 ά
753 954 846 1026 <md
864 957 951 1027 εἶναι
965 958 1086 1047 σοφόν.
1142 975 1195 1029 655

184 1072 244 1136 ΔΙ.
299 1060 390 1133 &osc
400 1059 558 1149 μάλιστα,
572 1055 661 1128 ταῦτ’
679 1055 774 1146 ἔγωγ’
793 1066 882 1147 ἔφυν
895 1060 1010 1147 σοφός.

298 1172 416 1235 κείνου
432 1159 464 1232 δ’
486 1159 632 1241 άκούσας
647 1167 763 1249 πρῶτα
777 1160 857 1243 τοῦς
870 1162 993 1250 λόγους
1005 1160 1106 1250 μάθε,

300 1264 337 1348 ῦς
350 1271 383 1349 ἐξ
398 1262 502 1354 ὅρους
515 1262 677 1353 πάρεστιν
690 1258 846 1350 άγγελύν
860 1274 896 1334 τί
906 1285 975 1334 σοι·

297 1367 392 1457 ἡμεῖς
406 1369 446 1436 δέ
455 1387 508 1437 σοι
522 1371 710 1453 μενοῦμεν,
723 1362 765 1434 οῦ
780 1367 1011 1455 φευξούμεθα.

184 1481 280 1543 ΑΓΓ.
295 1475 436 1540 Πενθεῦ
450 1468 629 1557 κρατύνων
644 1472 745 1554 τῆσδε
759 1476 910 1557 Θηβαίας
923 1469 1059 1557 χθονός,
1141 1487 1195 1543 666

297 1571 368 1661 ἥκω
383 1565 569 1660 Κιθαιρῶν’
586 1569 742 1656 ἐκλιπόν,
756 1566 797 1639 λα’
814 1567 940 1641 οῦποτε

298 1681 420 1762 λευκῆς
430 1669 569 1743 ἀνεῖσαν
585 1673 696 1761 χιόνος
711 1669 842 1761 εὐαγεῖς
858 1680 969 1761 βολαί.

182 1788 255 1847 HE.
297 1774 389 1864 ἥκεις
402 1776 442 1846 δὲ
455 1781 556 1845 ποίαν
572 1776 768 1863 προστιθεὶς
782 1773 936 1863 σπουδὴν
951 1776 1072 1865 λόγους

183 1888 280 1950 ΑΓΓ.
295 1880 426 1967 Βάκχας
440 1876 621 1955 ποτνιάδας
637 1875 784 1963 είσιιλύν,
799 1883 949 1964 αἰτῆσθε
967 1886 1027 1967 γῆς

298 1993 461 2070 οῖστροισι
475 1977 598 2048 λευκὸν
612 1986 723 2047 κῶλον
736 1978 962 2067 ἐξηκόντισαν,
1137 1999 1193 2054 666

298 2081 370 2171 ἥκω
388 2081 514 2171 φράσαι
528 2083 581 2149 σοὶ
598 2083 656 2150 καὶ
671 2080 767 2150 πόλει
779 2081 920 2170 χρῄζων,
938 2079 1033 2170 άναξ,

299 2183 344 2264 ὡς
357 2181 453 2253 δεινά
468 2188 573 2269 δρῶσι
586 2183 774 2270 θαυμάτων
790 2210 826 2252 τε
839 2191 1031 2272 κρείσσονα.

298 2289 388 2356 θέλω
404 2283 435 2356 δ’
453 2281 612 2371 άκοῦσαι,
628 2285 753 2375 πότερά
766 2306 819 2355 σοι
834 2294 1006 2378 παρρησίᾳ

299 2389 417 2478 φράσω
431 2385 472 2457 τά
486 2397 605 2455 κεῖθεν
620 2382 641 2474 ἢ
655 2386 757 2475 λόγον
773 2389 1003 2476 στειλώμεθα·

297 2489 334 2561 τὸ
352 2489 416 2582 γάρ
431 2489 528 2577 τάχος
542 2511 605 2558 σου
619 2496 689 2558 τῶν
700 2497 838 2579 φρενῶν
852 2487 984 2578 δέδοικ’,
999 2487 1093 2578 άναξ,
1136 2508 1192 2564 670

296 2595 354 2663 καὶ
368 2591 587 2679 τούξύθυμον
600 2594 658 2660 καὶ
672 2589 708 2661 τό
723 2596 900 2680 βασιλικόν
912 2599 1000 2662 λίαν.

183 2704 255 2765 HE.
295 2693 374 2785 λέγ’,
391 2693 435 2776 άς
451 2691 565 2786 άθῷος
579 2696 612 2776 ἐξ
627 2698 709 2781 ἐμοῦ
724 2695 856 2775 πάντως
875 2703 959 2765 ἔσει·

298 2795 366 2891 ὅσφ
385 2795 418 2866 θ’
435 2791 477 2865 άν
493 2807 588 2886 εἴπης
602 2796 776 2884 δεινότερα
789 2805 931 2884 Βακχῶν
944 2799 1032 2885 πέρι,
1256 2758 1258 2847 λ

298 2906 425 2992 τοσῷδε
439 2906 567 2986 μᾶλλον
585 2897 646 2968 τὸν
659 2894 834 2968 ὑποθέντα
849 2899 908 2980 τὰς
922 2901 1038 2987 τέχνας
1138 2915 1193 2972 676
1255 2888 1257 2975 λ

298 3004 431 3090 γυναιξὶ
445 3001 544 3069 τόνδε
557 3007 597 3089 τῇ
613 3006 691 3089 δίκη
706 2998 953 3089 προσθήσομεν.
1254 3000 1256 3103 λ

176 3112 280 3174 ΑΓΓ.
295 3102 436 3192 ἀγελαῖα
449 3102 511 3190 μὲν
525 3099 704 3190 βοσκήματ’
721 3099 797 3191 άρτι
813 3105 897 3192 πρὸς
910 3105 1012 3184 λε’κας

297 3205 432 3295 μόσχων
449 3201 686 3292 ὑπεξήκριζον,
699 3202 783 3293 ἡνίχ’
798 3203 893 3294 ἥλιος

299 3306 435 3388 άκτῑνας
450 3311 554 3395 ἐξίησι
568 3315 766 3396 θερμαίνων
779 3308 899 3396 χθόνα.

288 3536 350 3593 τοῖς
367 3521 420 3601 γάρ
437 3533 560 3595 δικαίοις
579 3525 645 3601 ούχλ
663 3534 834 3601 θυμοῦσθαι
852 3529 953 3604 χρεόν.
1142 3534 1193 3587 ⁶⁷³
