2517 3934
449 198 721 258 ΗΡΑαΛειΛΑι
853 265 877 284 k
1011 198 1073 263 σοι
1159 230 1163 236 -

180 365 279 439 κᾶκεί
289 374 451 456 μερίμνας
465 372 501 437 οί
513 368 722 456 θανούμενοι
736 376 877 458 βροτῶν,

181 468 245 540 ούκ
260 467 325 541 οἶδ’
343 467 420 540 ὅποι
433 498 483 550 τις
495 472 668 559 τρέψεται·
684 468 721 540 τό
735 468 799 559 γὰρ
813 482 936 543 θανεῖν
1021 488 1073 545 595

179 581 295 642 κακῶν
310 575 467 661 μέγιστον
481 568 661 660 φάρμακον
674 581 850 661 νομίζεται.

62 685 83 745 Ι
84 685 124 745 0.
176 673 265 762 ἀλλ’,
281 666 308 743 ῶ
322 676 480 764 μέγιστον
494 672 696 761 έκπρέπονσ’
714 673 861 768 εὐψυχίᾳ

179 785 298 847 πασῶν
312 785 501 866 γυναικῶν,
518 784 608 864 ίσθι,
623 778 802 866 τιμιωτάτη

94 883 96 887 ’
147 916 155 979 χ
163 882 234 996 χχιαδ
249 877 328 964 ζῶσ’
343 877 406 967 ὑφ’
423 878 519 969 ἡμῶν
531 882 588 949 καὶ
603 877 750 950 θανούσ’
767 888 835 950 ἔσει
849 874 954 949 πολύ·

181 985 238 1052 καὶ
250 976 568 1073 χαίρε·’δυσφημεϊν
581 980 646 1071 γὰρ
661 980 777 1072 ἅζομαι
790 982 888 1070 θεάν,
1019 997 1073 1053 600

180 1074 202 1174 ᾖ
218 1083 280 1154 σόν
293 1093 473 1175 κατηρκται
486 1091 599 1173 σῶμα,
614 1083 791 1173 Δήμητρος
804 1084 919 1174 κόρην.

182 1176 209 1254 ῶ
225 1192 359 1273 παίδες,
377 1187 575 1275 οἰχόμεσθα·
590 1186 706 1256 λύεται
720 1190 802 1276 μέλη

180 1289 286 1378 λύπη·
302 1289 450 1377 λάβεσθε
464 1295 533 1369 κείς
546 1292 651 1378 ἕδραν
663 1285 701 1377 μ’
717 1293 867 1376 έρείσατε

181 1389 287 1469 αὐτοῦ
300 1394 453 1462 πέπλοισι
468 1397 579 1461 τοίσδε
593 1391 793 1481 κρύψαντες,
808 1393 918 1460 τέκνα.

179 1490 224 1574 ῶς
237 1490 317 1562 ούτε
331 1494 463 1575 τούτοις
477 1489 599 1582 ἥδομαι
613 1496 868 1583 πεπραγμένοις,
1019 1509 1071 1564 605

178 1603 331 1685 χρησμοῦ
345 1624 380 1665 τε
393 1596 438 1684 μὴ
452 1598 660 1683 κρανθέντος
673 1594 715 1666 ού
728 1597 908 1686 βιώσιμον

179 1705 301 1788 μείζων
312 1698 378 1787 γὰρ
394 1696 472 1787 ἄτη,
488 1697 647 1788 συμφορὰ
661 1700 699 1769 δέ
711 1702 769 1769 καὶ
781 1699 871 1769 τάδε.

128 1854 136 1868 .
180 1798 299 1871 οὔτινά
325 1830 411 1890 φημι
438 1808 532 1870 θεῶν
559 1799 639 1891 ἄτερ
673 1798 807 1890 όλβιον,
843 1798 885 1870 ού
917 1808 1072 1889 βαρυπο-

525 1931 608 1992 τμον
947 1923 1018 1991 στρ.

178 2002 287 2095 ἄνδρα
305 2006 476 2093 γενέσθαι,

179 2104 260 2177 οὐδὲ
273 2104 333 2177 τὸν
347 2104 453 2176 αὐτὸν
466 2105 519 2177 ἀεὶ
532 2103 675 2196 βεβόναι
689 2108 797 2198 δόμον
1019 2123 1071 2177 610

179 2206 334 2301 εύτνχίηι·
350 2208 440 2298 παρὰ
455 2208 486 2279 δ’
503 2207 609 2280 ἄλλαν
623 2208 708 2279 ἄλλα

177 2328 277 2401 μοῖρα
295 2311 427 2381 διῶκει·
610 2392 613 2397 ⁴

177 2413 237 2484 τὸν
250 2414 313 2502 μὲν
325 2411 387 2502 ἀφ’
403 2411 545 2503 ὑψηλῶν
558 2412 690 2504 βραχύν
704 2411 815 2507 ᾤκισε,

176 2514 283 2586 τόνδ’
300 2514 417 2586 ἆτίταν
432 2514 617 2607 εὐδαίμονα
631 2518 751 2605 τεύχει.

177 2618 323 2708 μόρσιμα
337 2616 371 2688 δ’
387 2616 462 2689 ούτι
477 2636 601 2710 φυγεῖν
615 2623 724 2709 θέμις,
1019 2634 1071 2689 615

178 2718 221 2789 ού
234 2729 339 2812 σοφία
353 2749 402 2803 τις
416 2719 599 2791 ἀπώσεται·

178 2820 262 2892 ἀλλὰ
275 2824 383 2913 μάταν
397 2821 415 2893 ὁ
430 2825 606 2913 πρόθυμος
619 2822 673 2895 ἀεὶ
687 2823 794 2896 πόνον
807 2826 883 2907 ἕξει.

177 2921 262 2994 ἀλλὰ
275 2923 318 2995 σύ
333 2924 377 3014 μὴ
393 2934 589 3017 προπίτνων
601 2926 642 2997 τὰ
656 2933 750 2997 θεῶν
763 2928 847 3016 φέρε
861 2922 941 3014 μηδ’
963 2921 1068 3016 ύπερ-

523 3030 618 3118 ἄλγει
933 3025 1005 3097 ιἰντ.

178 3135 343 3218 φροντίδα
358 3130 463 3221 λύπρ’
1018 3146 1071 3201 600

177 3227 360 3321 εὐδόκιμον
373 3231 438 3320 γὰρ
454 3238 520 3321 ἔχει
533 3234 686 3304 θανάτου
698 3236 799 3325 μέρος

177 3330 198 3402 ἆ
212 3337 314 3421 μελέα
329 3334 412 3421 πρὸς
426 3334 584 3425 ἀδελφῶν
598 3338 656 3408 καὶ
669 3344 740 3425 γᾶς,

176 3432 254 3536 ούδ’
274 3434 396 3519 ἀκλεής
409 3466 466 3508 νιν

375 3556 589 3613 608-618=
603 3556 761 3613 619-629

836 3635 901 3699 20*
