2517 3934
548 138 700 196 EKABH

237 301 364 376 οῦκουυ
377 302 450 375 τόδ’
466 305 620 394 αἰσχρόν,
636 313 668 376 εί
678 310 836 407 βλέποντι
853 309 916 398 μὲν
930 319 1019 401 φίλφ

235 407 418 499 χρύμεσθ’,
434 410 505 478 ἐπεὶ
519 406 553 478 δ’
565 411 685 498 ὄλωλε,
720 408 765 498 μη
779 409 949 500 χρύμεσθ’
966 421 1032 498 ἔτις

237 511 320 581 εἶεν·
341 519 376 582 τί
387 508 462 597 δῆτ’
478 515 548 601 ἐρεῖ
559 539 625 598 τις,
641 507 684 599 ἦν
697 539 746 591 τις
759 505 805 581 αύ
819 520 911 603 φανῇ

236 621 380 705 στρατοῦ
393 610 423 682 τ’
440 609 596 701 ἀθροισις
608 621 778 702 πολεμίων
791 611 821 683 τ’
838 611 985 702 ἀγωνίας

236 716 360 805 πότερα
374 711 560 804 μαχούμεθ’
576 710 895 805 ἦφιλουυχήσομευ,
1070 737 1124 791 315

236 816 296 888 τδυ
308 815 518 888 κατθανόνθ’
538 813 679 906 δρῶντες
697 814 739 887 ού
752 818 958 906 τιμώμενονς

235 922 291 989 καλ
304 918 372 1009 μὴν
385 927 496 1008 ἔμοιγε
509 925 606 1003 ζῶντι
619 921 692 1006 μίν,
707 918 789 988 καθ’
804 917 933 1009 ἡμέραν

234 1029 289 1092 κεί
300 1019 412 1111 σμίκρ’
430 1029 546 1110 ἔχοιμι,
561 1018 661 1090 πάντ’
676 1016 720 1089 ἀν
732 1018 925 1107 ἀρκούντως
939 1029 1023 1110 ἔχοι·

235 1125 365 1213 τύμβον
378 1130 399 1193 δ
401 1124 416 1193 δ
429 1130 617 1212 βουλοίμην
630 1118 673 1191 ἀν
686 1119 888 1211 ἀξιούμενον

235 1225 294 1297 τὸν
307 1223 389 1315 ἐμὸν
401 1222 563 1314 δρᾶσθαι·
582 1222 639 1294 διόι
653 1233 783 1315 μακροῦ
797 1224 861 1315 γὰρ
879 1221 901 1312 ἡ
915 1226 1018 1313 χάρις.
1070 1243 1123 1298 320

236 1337 269 1399 εί
280 1325 312 1397 δ’
329 1326 446 1417 οίκτρόι
459 1328 600 1415 πάσχειν
614 1326 696 1414 φής,
712 1326 773 1397 τόδ
778 1325 786 1350 ’
803 1323 971 1398 ἀντύκουέ
981 1351 1063 1416 μου·

235 1432 321 1502 είσίν
335 1427 414 1518 παρ’
431 1426 511 1518 ἡμῖν
526 1426 628 1498 οῦδὲν
645 1419 751 1517 ἧσσον
764 1427 882 1499 ἄθλιαι

235 1547 348 1622 γραῖαι
363 1547 520 1619 γυναῖκες
533 1527 593 1618 ἠδὲ
607 1538 793 1620 πρεσβῦται
805 1532 918 1617 σέθεν,

233 1633 365 1722 νύμφαι
379 1630 409 1700 τ’
427 1629 573 1723 ἀρίστοιν
586 1641 747 1720 νυμφίων
760 1632 956 1722 τητύμεναι,

235 1727 284 1806 ύν
297 1731 358 1824 ἥδε
371 1734 490 1804 κεύθει
508 1731 634 1822 σώματ’
648 1731 750 1804 Ἰδαία
764 1735 866 1813 κόνις.
1072 1753 1124 1806 335

235 1838 339 1925 τόλμα
351 1833 443 1907 τύδ’·
459 1833 554 1924 ἡμεῖς
568 1833 601 1904 δ’
618 1842 650 1904 εί
661 1845 771 1916 κακῶς
788 1844 965 1924 νομίζομεν

234 1947 334 2027 τιμᾶν
348 1937 408 2009 τὸν
421 1939 562 2024 ἐσθλόν,
579 1934 730 2026 ἀμαθίαν
744 1935 951 2026 ὀφλήσομεν·

235 2047 270 2112 οί
280 2041 444 2131 βάρβαροι
459 2041 497 2110 δὲ
510 2039 591 2129 μήτε
605 2037 684 2121 τοῦς
697 2049 818 2128 φίλους
832 2048 953 2127 φίλους

236 2141 374 2232 ἡγεῖσθε
388 2142 469 2232 μήτε
485 2140 563 2224 τοῦς
578 2149 687 2223 καλῶς
700 2141 905 2230 τεθνηκότας

234 2242 435 2334 θαυμάζεθ’,
451 2241 495 2326 ῦς
510 2239 552 2312 ἀν
567 2240 587 2331 ἡ
601 2244 664 2331 μὲν
672 2241 786 2325 Ἑλλὰς
801 2241 936 2333 εὐτυχῇ,
1070 2260 1123 2313 330

234 2344 329 2436 ῦμεῑς
343 2345 375 2417 δ’
392 2344 488 2435 ἔχηθ’
506 2342 603 2434 ῦμοια
617 2363 685 2426 τοῖς
699 2345 937 2435 βουλεύμασιν.

183 2500 191 2515 .
235 2457 318 2520 αίαῐ·
338 2447 374 2520 τὸ
389 2455 513 2518 δοῦλον
528 2445 571 2530 ῦς
585 2446 692 2517 κακὸν
705 2445 831 2535 πέφυκ’
849 2445 902 2517 ἀεί

234 2559 338 2643 τολμᾷ
353 2549 390 2621 θ’
406 2548 428 2621 δι’
442 2549 488 2639 μὴ
504 2550 583 2640 χρή,
597 2559 637 2640 τῇ
652 2558 711 2641 βίᾳ
724 2551 923 2637 νικώμενον.

183 2706 191 2721 .
233 2646 261 2724 ό
274 2655 441 2744 θύγατερ,
457 2649 556 2741 οῦμοί
569 2653 632 2739 μὲν
644 2653 738 2740 λόγοι
752 2649 835 2743 πρὸς
848 2655 971 2739 αἰθέρα

234 2762 381 2847 φροῦδοι
394 2755 502 2845 μάτην
517 2758 672 2844 ῥιφέντες
685 2752 772 2843 ἀμφὶ
786 2761 849 2824 σοῦ
865 2755 992 2842 φόνου·
1072 2770 1122 2823 333
1220 2841 1225 2846 ⁸

235 2856 277 2928 σῦ
293 2854 325 2926 δ’
343 2868 376 2927 εί
387 2887 418 2927 τι
431 2866 530 2946 μείζω
545 2857 693 2945 δύναμιν
705 2853 727 2944 ἢ
740 2857 847 2946 μήτηρ
861 2863 956 2943 ἔχεις,

235 2957 400 3043 σπούδαζε
415 2959 521 3039 πόσας
536 2956 615 3028 ὥστ’
632 2956 775 3047 ἀηδόνος
789 2958 893 3045 στόμα

235 3059 390 3149 φθογγὰς
404 3066 506 3147 ίείσα,
520 3059 565 3148 μὴ
579 3069 785 3149 στερηθῆναι
798 3068 886 3149 βίον.

235 3162 421 3250 πρόσταττε
436 3159 469 3231 δ’
486 3168 626 3250 οἰκτρῶς
640 3161 734 3232 τοῦδ’
750 3160 937 3242 Ὀδυσσέως
950 3159 1036 3249 γόνυ

233 3265 290 3332 καὶ
304 3262 416 3333 πεῖθ’·
437 3271 521 3352 ἔχεις
534 3265 572 3332 δὲ
587 3263 774 3352 πρόφασιν·
792 3273 862 3335 ἔστι
876 3261 940 3352 γὰρ
957 3266 1058 3332 τέκνα
1070 3277 1122 3334 3⁴0

235 3366 291 3435 καί
304 3372 407 3457 τῷδε,
420 3364 482 3454 τὴν
496 3363 560 3452 σὴν
573 3363 652 3435 ὥστ’
669 3364 872 3457 ἐποικτεῑραι
886 3365 1000 3455 τύχην.

120 3471 220 3544 m.
232 3462 299 3556 δρῦ
314 3464 360 3555 α’,
371 3465 551 3555 Ὀδυσσεῦ,
567 3466 681 3550 δεξιὰν
694 3465 757 3565 ὑφ’
775 3467 906 3559 εἵματος
1044 3483 1061 3572 η
