2517 3934
633 177 784 236 EKABH

316 354 373 432 ἵζω
391 347 429 417 δὲ
442 353 559 435 κλίνης
573 351 610 416 ἐν
623 350 714 439 μέσφ
728 349 863 436 κάμψας
875 347 977 437 γόνυ·
1155 372 1222 424 ιισσ

316 450 436 521 πολλαὶ
450 450 488 519 δέ
501 447 611 538 χειρός
624 456 664 520 αἳ
678 449 741 538 μέν
754 454 787 533 ἐξ
801 447 989 540 ἀριστερᾶς,

315 559 356 624 αἳ
369 549 402 622 δ’
420 559 539 638 ἔνθεν,
555 549 599 632 ώς
614 551 656 639 δὴ
671 551 762 640 παρὰ
776 560 883 645 φίλφ,
902 553 1030 641 Τρώων
1043 553 1149 643 κόραι

314 656 448 725 ιδάκουν
458 661 593 742 ἔχουσαι
629 652 759 744 κερκίδ’
776 653 926 743 Ἠδωνῆς
938 653 1037 744 χερός

314 755 422 848 ᾔνουν
430 754 637 844 θ’ὑπάόγδις
649 757 772 826 τούσδε
786 758 989 827 λεύσσουσαι
1003 760 1175 842 πέπλους·

315 858 413 928 άλλαι
427 859 465 929 δὲ
479 860 611 948 κάμακα
625 867 779 949 Θρῃκίαν
792 861 964 948 θεώμεναι
1153 882 1219 932 1155

315 963 446 1051 γυμνόν
459 959 494 1050 μ’
512 969 642 1049 ἔθηκαν
656 964 821 1051 διπτύχου
837 971 1065 1050 στολίσματος.

316 1061 392 1134 ὅσαι
406 1065 444 1135 δέ
458 1064 596 1146 τοκάδες
609 1055 714 1153 ἦσαν,
729 1066 999 1154 ἐκπαγλούμεναι

316 1166 406 1237 τέκν’
423 1173 460 1237 ἐν
473 1183 587 1256 χεροῖν
602 1175 765 1254 ἔπαλλον,
781 1165 825 1250 ώς
843 1169 957 1258 πρόσω
970 1167 1098 1257 πατρὸς

315 1271 485 1358 γένοιντο,
501 1275 673 1358 διαδοχαῖς
689 1267 890 1359 άμείβουσαι
903 1286 1030 1361 χεροῖν.

316 1363 391 1462 κᾷτ’
408 1378 444 1442 ἐκ
458 1380 615 1461 γαληνών
630 1415 668 1424 -
684 1380 755 1454 πώς
769 1379 896 1458 δοκεῖς;
909 1413 953 1422 -
967 1375 1218 1463 προσφθεγμά-
1257 1462 1258 1465 ¹

658 1503 726 1544 των
1151 1494 1217 1548 1160

318 1573 426 1658 εὐθὺς
440 1585 604 1666 λαβοῦσαι
618 1576 766 1666 φάσγαν’
783 1582 820 1647 ἐκ
833 1583 972 1648 πέπλων
985 1579 1096 1648 ποθὲν

317 1687 474 1750 κεντοῦσι
487 1685 625 1767 παῖδας,
643 1689 681 1752 αἳ
692 1681 731 1750 δέ
744 1689 913 1769 πολεμίων
928 1688 1029 1769 δίκην

318 1782 570 1871 ξυναρπάσασαι
585 1781 643 1863 τὰς
656 1781 736 1871 ἐμάς
751 1783 840 1871 εἶχον
853 1787 951 1874 χέρας

318 1886 375 1954 καὶ
389 1893 496 1954 κώλα·
516 1887 611 1955 παισὶ
625 1882 658 1954 δ’
674 1883 814 1977 άρκέσαι
828 1887 958 1976 χρῄζων
972 1889 1074 1975 ἐμοῖς,

320 1995 351 2057 εί
362 1987 424 2074 μὲν
438 1987 618 2076 πρόσωπον
632 1992 842 2076 ἐξανισταίην
856 1991 947 2078 ἐμόν,
1151 2006 1215 2060 1166

317 2091 422 2179 κόμης
435 2106 605 2178 κατεῖχον,
623 2098 655 2160 εἰ
667 2092 704 2160 δὲ
718 2100 852 2180 κινοίην
865 2096 973 2181 χέρας,

320 2193 445 2281 πλήθει
460 2201 635 2280 γυναικών
650 2191 754 2270 οὐδὲν,
766 2191 873 2283 ἤνυον
888 2195 997 2276 τάλας.

319 2294 357 2366 τὸ
372 2302 528 2364 λοίσθιον
542 2299 595 2382 δέ,
613 2304 707 2385 πῆμα
720 2298 867 2385 πήματος
880 2301 993 2384 πλέον,

320 2397 551 2487 ἐξειργάσαντο
565 2397 669 2468 δείν’·
692 2404 782 2488 ἐμών
795 2400 860 2490 γάρ
874 2398 1042 2490 ὀμμάτων,

320 2501 450 2589 πόρπας
464 2508 647 2590 λαβοῦσαι,
661 2500 720 2582 τὰς
733 2504 965 2592 ταλαιπώρους
978 2501 1081 2590 κόρας
1151 2521 1218 2577 1110

321 2611 500 2676 κεντοῦσιν
515 2605 753 2692 αίμάσσουσιν·
770 2603 831 2676 εἶτ’
848 2603 913 2675 άνά
926 2608 1043 2693 στέγας

320 2709 471 2796 φυγάδες
485 2715 625 2796 ἔβησαν·
641 2713 678 2778 ἐκ
692 2709 731 2778 δδ
743 2709 894 2798 πηδήσας
908 2706 973 2797 ἐγώ

320 2810 389 2901 θὴρ
406 2807 451 2891 ώς
465 2811 577 2880 διώκω
590 2809 649 2892 τάς
663 2813 863 2901 μιαιφόνους
876 2812 992 2898 κύνας,

320 2911 441 2984 άπαντ’
458 2918 608 3002 ἐρευυώυ
622 2931 735 3003 τοῖχον
750 2912 794 2995 ώς
807 2917 1002 3003 κυνηγέτης,

321 3018 456 3107 βάλλων
469 3014 635 3107 ἀράσσων.
650 3017 763 3087 τοιάδε
775 3017 936 3090 σπεύδων
947 3017 1046 3106 χάριν
1150 3032 1212 3088 1171

323 3124 479 3192 πέπονθα
492 3119 555 3209 τὴν
568 3119 633 3210 σὴν
648 3121 809 3210 πολέμιόν
822 3148 859 3190 τε
870 3119 932 3191 σὸν
946 3124 1091 3210 κτανών,

319 3223 537 3318 Ἀγάμεμνον.
553 3221 597 3305 ώς
612 3225 651 3294 δέ
666 3223 712 3314 μη
726 3218 876 3314 μακροὺς
891 3230 987 3293 ιείυω
1001 3222 1135 3309 λόγους,

323 3343 416 3412 εἴτις
429 3344 592 3417 γυναῖκας
605 3336 674 3397 τῶν
687 3330 769 3418 πρὶν
783 3339 917 3417 εἴρηκεν
930 3331 1040 3405 κακῶς

324 3429 345 3520 ἢ
358 3439 425 3501 νῦν
439 3434 548 3519 λέγων
561 3440 652 3502 ἔστιν
663 3458 713 3511 τις
728 3426 750 3517 ἢ
764 3433 878 3518 μέλλει
890 3430 1011 3518 λέγειν,

323 3529 454 3602 ἅπαντα
467 3540 572 3603 ταῦτα
586 3530 762 3620 συντεμών
776 3531 842 3619 ἐγώ
855 3532 989 3622 φράσω·
1151 3545 1215 3602 1181
