2517 3934
488 211 656 272 BAKXAI

171 382 234 454 τὸν
248 379 356 452 ἄθεον
370 379 499 472 ἄνομον
512 380 633 454 ἄδικον
644 383 788 473 Ἐχίονος
1013 403 1065 459 095

170 486 273 556 τόκον
287 493 423 575 γηγενῆ.

171 585 210 668 ὃς
226 584 333 680 ιἰδίκφ
349 587 466 677 γνῶμα
481 589 666 682 παρανόμῳ
679 586 704 659 τ’
721 586 807 681 ὀργᾷ
940 588 1012 661 ιἰντ.

170 692 251 777 περὶ
265 688 306 759 τὰ
319 687 431 776 Βάκχι’
448 686 548 779 όργια
561 692 686 781 ματρός
700 720 735 761 τε
749 700 810 773 σᾶς

172 799 320 884 μανείσᾳ
338 798 482 882 πραπίδι

172 895 361 986 παρακόπῳ
375 922 411 964 τε
428 894 547 983 λήματι
566 898 746 981 στέλλεται,
997 915 1065 968 1000

171 995 237 1067 τὰν
253 994 415 1066 ἀνίκατον
433 995 478 1078 ῶς
494 998 672 1088 κρατήσων
690 1005 758 1089 βίη.

170 1100 314 1189 γυῶμαν
328 1096 487 1190 σώφρον’,
505 1096 527 1169 δι’
541 1111 679 1180 θνατοῖς
693 1097 943 1190 ἀπροφάσιστος

174 1209 223 1284 είς
236 1200 277 1271 τὰ
290 1209 385 1271 θεῶν
399 1209 477 1291 ἔφυ,

172 1311 333 1394 βροτείαν
346 1301 371 1373 τ’
388 1311 476 1392 ἔχειν
491 1302 618 1386 όιλυπος
634 1312 717 1393 βίος.

172 1405 211 1477 τό
226 1405 337 1495 σοφόν
353 1403 395 1476 οὐ
414 1413 553 1495 φθονῶ·

169 1514 278 1598 χαίρω
294 1505 482 1598 θηρεύουσ’
584 1581 585 1588 χ

171 1615 272 1702 ἕτερα
285 1610 412 1700 μεγάλα
429 1613 561 1701 φανερά
575 1610 599 1680 τ’
615 1608 682 1681 ὅντ’
699 1610 763 1699 ἀεί,

173 1716 230 1782 ἐπὶ
243 1712 284 1783 τδι
298 1712 383 1783 καλὰ
400 1721 477 1802 βίον

172 1806 263 1904 ἦμαρ
279 1823 326 1897 είς
340 1816 447 1885 ου’κτα
461 1812 486 1884 τ’
503 1813 677 1905 εὐαγοῦνό
699 1814 863 1906 εὐσεβεῖν,

172 1916 214 1988 τὰ
230 1916 261 1987 δ’
280 1922 342 2001 ἔξω
356 1917 480 2007 νόμιμα
495 1924 590 2001 δίκας
604 1919 767 2007 ἐκβαλόν-

172 2049 213 2089 τα
227 2027 329 2108 τιμᾶν
341 2021 455 2102 θεούς.

170 2132 233 2192 ι’τω
253 2129 332 2193 δίκα
347 2119 513 2212 φανερός,
534 2133 592 2192 ίτω
608 2122 795 2212 ξιφηφόρος

177 2225 371 2314 φονεύουσα
386 2233 516 2314 λαιμῶν
529 2223 675 2314 διαμπὰξ

173 2325 234 2397 τὸν
248 2325 356 2397 ἄθεον
369 2325 496 2417 ἄνομον
510 2324 629 2398 ἄδικον
639 2325 784 2416 Ἐχίονος

172 2429 275 2501 τόκον
289 2438 424 2520 γηγενῆ.

172 2533 306 2621 φάνηθι
321 2540 444 2623 ταῦρος
457 2527 479 2620 ἢ
492 2533 705 2623 πολύκρανος
721 2539 807 2602 ίδεϊν

172 2636 310 2726 δράκων
326 2631 349 2723 ἢ
362 2637 582 2724 πυριφλέγων

174 2734 320 2828 δρᾶσθαι
335 2741 431 2807 λέων.

174 2837 233 2927 ἴθ’,
251 2831 418 2927 ῶΒόκχε,
434 2845 654 2932 θηραγρευτᾷ
665 2845 799 2927 Βακχᾶν

172 2949 316 3030 γελῶντι
331 2942 500 3035 προσῶπφ
514 2950 676 3032 περίβαλε

174 3045 299 3134 βρόχον
313 3046 367 3114 ἐπὶ
381 3045 573 3132 θανάσιμον

174 3144 299 3235 ἀγέλαν
314 3146 451 3216 πεσόντι
465 3146 526 3216 τάν
541 3146 743 3216 Μαινάδων.

46 3255 152 3320 ΑΓΓ.
172 3240 198 3317 ῶ
214 3245 294 3337 δῶμ’
312 3244 331 3318 δ
345 3258 427 3337 πρίν
441 3245 510 3318 ποτ’
524 3245 678 3337 ηότύχεις
692 3245 741 3318 ἄν’
754 3245 905 3337 Ἐλλάδα,

172 3357 347 3421 Σιδωνίου
361 3353 533 3441 γέροντος,
549 3347 585 3432 ὃς
599 3349 636 3421 τὸ
654 3352 791 3440 γηγενὲς

174 3454 356 3543 δράκοντος
371 3449 492 3543 ἔσπειρ’
508 3451 609 3542 όφεος
625 3458 661 3523 ἐν
680 3461 760 3544 γαίᾳ
772 3453 883 3541 θέρος,

172 3552 216 3637 ῶς
231 3577 270 3626 σε
286 3556 446 3645 στενάζω,
461 3562 583 3638 δοῦλος
602 3551 648 3624 ῶν
661 3558 740 3644 μέν,
755 3550 823 3623 ἄλλ’
840 3550 938 3641 ὅμως.
