2517 3934
516 197 682 258 BAKXAI

191 373 362 446 θωΰσσων
376 371 414 440 δὲ
428 369 612 455 κυναγέτας

193 483 351 565 συντείνῃ
366 471 519 561 δρόμημα
534 475 667 538 κυνῶν·

192 581 332 668 μόχθοις
346 572 370 645 τ’
389 570 599 661 ὠκυδρόμοις
616 566 640 638 τ’
659 564 738 638 δέλ-

195 693 267 761 λαις
283 677 432 768 θρῶσκει
450 679 568 744 πεδίον

192 779 464 871 παραποτάμιον,
479 773 628 864 ἡδομένα

192 889 326 976 βροτῶν
340 885 490 971 ἐρημίαις

194 984 419 1076 σκιαροκόμου
434 978 457 1050 τ’
475 985 511 1050 ἐν
526 985 658 1067 ἔρνεσιν
671 973 765 1055 ὕλας.

193 1096 229 1158 τί
240 1086 276 1158 τὸ
292 1084 400 1174 σοφόν
415 1079 437 1172 ἢ
451 1090 486 1151 τί
497 1079 534 1150 τό
551 1079 690 1149 κάλλιον

193 1187 285 1279 παρόι
299 1195 394 1257 θεῶν
408 1188 506 1274 γέρας
521 1187 558 1252 ἐν
573 1190 707 1270 βροτοῖς

194 1288 217 1381 ἢ
230 1288 308 1380 χεῖρ’
326 1287 412 1376 ὑπὲρ
426 1291 579 1376 κορυφᾶς

99 1490 101 1492 ¹
193 1402 263 1464 τῶν
277 1397 411 1480 ἐχθρῶν
425 1396 569 1477 κρείσσω
584 1386 754 1472 κατέχεινς

196 1493 218 1566 ὅ
230 1521 262 1565 τι
275 1491 380 1580 καλὸν
397 1498 498 1578 φίλον
512 1485 575 1558 αἰεί.
641 1497 644 1502 ’

194 1596 338 1686 ὁρμᾶται
352 1593 461 1679 μόλις,
477 1588 543 1661 ἀλλ’
561 1585 650 1677 όμως

197 1697 315 1770 πιστόν
340 1725 370 1767 τι
392 1697 429 1764 τό
454 1704 552 1762 θεῖον

191 1803 333 1880 σθένος·
354 1795 544 1866 ἀπευθύνει
559 1794 598 1862 δὲ
610 1798 742 1881 βροτῶν

197 1901 276 1982 τοός
290 1897 315 1971 τ’
332 1897 578 1988 ἀγνωμοσύναν

199 2010 364 2093 τιμῶντας
377 2003 434 2072 καὶ
448 1997 491 2088 μὴ
507 1996 547 2066 τόι
560 2003 654 2066 θεῶν

198 2105 361 2188 αὔξοντας
375 2102 440 2172 σὺν
452 2101 639 2189 μαινομένᾳ
654 2098 743 2187 δόξᾳ.

148 2279 150 2284 ,
200 2204 653 2298 κρυπτεύουσιδὲποικίλως

201 2307 308 2399 δαρὸν
325 2309 450 2398 χρόνον
465 2301 552 2374 πόδα
565 2304 622 2372 καὶ

201 2418 356 2502 θηρῶσιν
369 2407 429 2478 τόν
443 2406 596 2477 ῶσεπτον.
620 2401 662 2473 οὐ

202 2513 265 2604 γὰρ
280 2510 437 2600 κρεῖσσόν
451 2536 531 2580 ποτε
545 2515 613 2576 τῶν
627 2506 742 2594 νόμων

201 2615 402 2705 γιγνώσκειν
418 2611 480 2701 χρὴ
496 2613 552 2680 καὶ
566 2615 718 2698 μελετᾶν.

202 2719 314 2806 κου’φα
329 2715 392 2805 γόιρ
408 2711 541 2784 δαπάνα
559 2719 657 2800 νομί-

202 2829 269 2905 ζειν
284 2817 381 2906 ἰσχὺν
395 2813 467 2888 τόδ’
485 2823 584 2904 ἔχειν,

203 2919 223 2991 ό
236 2950 266 2991 τι
281 2919 350 2991 ποτ’
367 2917 432 3010 όρα
446 2916 482 2988 τὸ
505 2915 691 3004 δαιμόνιον,

203 3023 240 3094 τό
252 3022 277 3093 τ’
294 3028 331 3093 ἐν
344 3023 454 3114 χρόνῳ
468 3026 586 3111 μακρῷ

200 3127 343 3214 νόμιμον
357 3122 410 3194 ἀεὶ
425 3122 526 3213 φύσει
542 3150 577 3192 τε
591 3118 752 3208 πεφυκός.

204 3237 239 3298 τί
248 3226 286 3298 τὸ
301 3225 409 3315 σοφόν
423 3221 444 3314 ἢ
457 3232 493 3293 τί
503 3223 539 3294 τὸ
555 3223 692 3293 κάλλιον

203 3327 293 3421 παρὰ
309 3337 403 3399 θεῶν
416 3330 515 3416 γέρας
529 3331 566 3396 ἐν
580 3335 713 3415 βροτοῖς

205 3428 225 3521 ἢ
238 3427 315 3522 χεῖρ’
333 3429 419 3520 ὑπὲρ
431 3437 584 3521 κορυφᾶς

204 3541 272 3604 τῶν
287 3537 420 3624 ἐχθρῶν
434 3539 577 3621 κρείσσω
593 3531 762 3616 κατέχεινς
