2517 3934
165 171 229 232 400

569 168 776 227 ΙΚΕΤΙΔΕΣ

286 341 421 420 Τυδέως
432 336 466 409 δ’
482 345 622 407 ἔπαινον
636 341 673 406 έν
687 345 807 425 βραχεῖ
816 338 914 425 θήσω
929 338 1052 427 μέγαν·

283 440 346 512 ούκ
361 445 398 511 έν
412 442 524 530 λόγοις
537 432 581 531 ἦν
596 440 762 528 λαμπρός,
777 437 851 509 ἀλλ’
868 443 905 509 ἐν
920 439 1037 511 ἀσπίδι

283 544 394 624 δεινὸς
408 542 569 632 σοφιστὴς
582 542 689 611 πολλά
703 539 733 610 τ’
752 547 903 631 ἐξευρεῖν
916 544 1031 632 σοφός.

283 646 400 737 γνῶμῃ
414 643 447 714 δ’
463 644 616 733 ἀδελφοῦ
630 645 836 733 Μελεάγρου
850 640 1075 733 λελειμμένος,

284 760 360 819 ἰσον
374 752 539 837 παρέσχεν
552 745 659 835 όνομα
674 745 730 815 διά
744 750 862 835 τέχνης
878 748 988 835 δορός,
1129 765 1180 819 905

284 849 395 940 εύρῶν
409 846 532 938 ἀκριβῆ
547 848 714 938 μουσικὴν
727 852 765 918 έν
778 846 912 918 ἀσπίδι·

158 1002 173 1025 .
281 953 459 1044 φιλότιμον
473 944 559 1039 ἦθος
571 952 750 1039 πλούσιον,
766 951 924 1040 φρόνημα
938 953 976 1022 δέ

283 1059 321 1125 έν
334 1070 440 1124 τοῖσιν
454 1061 580 1142 ἔργοις,
595 1050 671 1139 ούχί
685 1070 754 1133 τοῖς
767 1053 880 1141 λόγοις
894 1061 988 1142 ἔχων.

282 1162 319 1227 ἐκ
332 1161 439 1225 τῶνδε
453 1155 497 1244 μὴ
512 1155 664 1243 θαύμαζε
677 1163 746 1224 τῶν
760 1159 956 1244 εἰρημένων,

282 1266 412 1347 Θησεῦ,
427 1257 493 1343 πρὸ
507 1257 649 1346 πύργων
662 1258 783 1327 τούσδε
796 1266 958 1346 τολμῆσαι
971 1270 1106 1330 θανεῖν.
1128 1276 1181 1331 910

280 1359 318 1429 τό
332 1359 397 1448 γὰρ
411 1368 580 1449 τραφῆναι
593 1358 639 1447 μὴ
653 1368 764 1441 κακῶς
779 1366 864 1429 αἰδῶ
879 1363 993 1449 φέρει·

282 1463 474 1549 αἰσχύνεται
489 1463 527 1531 δέ
541 1458 666 1549 τάγάθ’
682 1460 829 1550 ἀσκήσας
844 1459 929 1552 ἀνὴρ

281 1563 382 1645 κακὸς
395 1572 580 1650 κεκλῆσθαι
594 1571 659 1644 πῶς
672 1592 732 1643 τις.
765 1562 786 1652 ἡ
801 1562 834 1633 δ’
853 1562 1017 1654 εὐανδρία

280 1667 451 1753 διδακτός,
470 1676 563 1755 εἰπερ
578 1668 634 1735 καί
648 1670 775 1755 βρέφος
791 1668 984 1735 διδάσκεται

282 1771 394 1857 λέγειν
407 1766 547 1838 ἀκούειν
560 1766 599 1837 θ’
617 1759 666 1836 ῶν
679 1766 830 1856 μάθησιν
842 1765 907 1838 ούκ
921 1777 997 1857 ἔχει.
1128 1788 1179 1843 915

283 1867 304 1939 ά
318 1867 352 1939 δ’
369 1865 412 1939 ἀν
425 1871 519 1960 μάθῃ
532 1899 597 1957 τις,
613 1877 719 1939 ταῦτα
733 1870 900 1955 σῶζεσθαι
914 1880 1010 1960 φιλεῖ

281 1970 364 2058 πρὸς
378 1979 492 2060 γῆρας.
528 1968 616 2041 ούτω
632 1978 753 2052 παῖδας
768 1964 807 2041 εύ
821 1974 1009 2043 παιδεύετε.

230 2128 238 2142 .
279 2073 319 2145 ἰῶ
336 2076 471 2160 τέκνου,
485 2079 635 2162 δυστυχῆ
649 2071 685 2142 σ’

281 2184 441 2266 ἔτρεφον,
459 2183 584 2264 ἔφερον
597 2172 660 2273 ὑφ’
676 2172 801 2263 ἥπατος

282 2279 407 2359 πόνους
416 2275 595 2366 ’ένεγκούῶ
612 2282 650 2346 έν
665 2274 778 2347 ῶδῖσι·
794 2280 850 2349 καὶ
863 2287 930 2349 νῦν
1125 2298 1177 2353 920

273 2376 389 2461 ’Ἅιδας
402 2379 462 2449 τόν
475 2378 557 2469 ἐμόν
572 2388 639 2467 ἔχει

280 2481 412 2570 μόχθον
426 2480 565 2569 ἀθλίας,
580 2480 645 2570 έγῶ
660 2481 699 2550 δὲ

279 2583 488 2674 γηροβοσκόν
502 2582 566 2653 ούκ
582 2592 646 2673 ἔχω

281 2685 415 2756 τεκούσ’
432 2683 453 2756 δι
466 2688 606 2756 τάλαινα
619 2694 734 2757 παῖδα.

232 2842 239 2856 .
279 2790 335 2858 καί
349 2788 416 2877 μὴν
429 2788 490 2858 τὸν
505 2791 667 2872 Οἰκλέους
680 2804 893 2878 γεγενναῖον
906 2790 1007 2861 τόκον
1124 2808 1176 2863 925

281 2894 358 2959 θεολ
371 2889 468 2973 ζῶντ’
485 2888 737 2980 ἀναρπάσαντες
752 2898 799 2973 εἰς
812 2890 940 2981 μυχούς
952 2891 1079 2981 χθονὸς

279 2988 395 3071 αὐτοῖς
407 3001 607 3083 τεθρίπποις
620 2991 822 3083 εύλογούσιν
838 2998 1009 3083 ἐμφανῶς·

280 3092 341 3162 τόν
357 3100 503 3164 Οἰδίπου
518 3095 557 3164 δὲ
570 3102 690 3184 παῖδα,
706 3104 922 3181 Πολυνείκην
936 3100 1033 3187 λέγω,

280 3192 374 3283 ἡμεῖς
390 3199 624 3279 ἐπαινέσαντες
638 3196 679 3268 ού
694 3196 897 3286 ψευδοίμεθ’
914 3196 967 3268 ἀν.

280 3300 373 3377 ξένος
386 3298 450 3387 γὰρ
465 3290 508 3387 ἦν
521 3327 577 3386 μοι
591 3302 672 3386 πρὶν
687 3298 796 3369 λιπῶν
808 3300 949 3387 Κάδμου
964 3301 1065 3372 πόλιν
1124 3318 1177 3373 930

281 3406 375 3484 φυγῇ
392 3397 601 3486 πρόςἍργος
616 3406 791 3489 διαβαλεῖν
805 3400 1018 3492 αὐθαίρετος.

280 3492 356 3561 ἀλλ’
373 3497 466 3568 οἷσθ’
482 3496 637 3585 δδράσαι
653 3503 817 3590 βούλομαι
830 3504 960 3574 τούτων
974 3507 1071 3594 πέρις
