2517 3934
572 680 845 750 ΕΥΡΙΠΙΔΟΥ

480 877 936 968 ΕΛΕΝΗ.

195 1285 265 1348 ΕΛ.
310 1285 439 1348 Νείλου
453 1279 516 1367 μὲν
531 1284 605 1349 αἵδε
620 1279 887 1368 καλλιπάρθενοι
901 1282 988 1369 ῥοαί,

312 1376 348 1460 δς
362 1378 438 1450 άντί
452 1387 528 1464 δίας
544 1382 695 1464 ψακάδος
709 1381 889 1470 Αἰγύπτου
902 1385 1008 1452 πέδον

311 1490 432 1571 λευκῆς
447 1489 602 1571 τακείσης
614 1484 726 1571 χιόνος
744 1479 900 1573 ὑγραίνει
913 1483 1007 1571 γύας.

309 1584 472 1672 Πρωτεύς
486 1583 518 1654 δ’
535 1581 580 1654 ὅτ’
600 1593 654 1674 ἔζη
668 1592 770 1674 τῆσδε
784 1592 845 1673 γῆς
857 1584 1024 1676 τύραννος
1037 1577 1089 1673 ἦν,

310 1687 426 1776 Φάρον
439 1687 501 1775 μὲν
515 1694 619 1757 οἰκῶν
634 1695 755 1775 νῆσον,
770 1687 949 1776 Αἰγύπτου
963 1684 996 1756 δ’
1013 1684 1103 1774 άναξ,
1171 1700 1185 1752 ε

311 1784 348 1868 ὃς
362 1797 431 1858 τῶν
444 1786 512 1858 κατ’
529 1789 629 1879 οἶδμα
644 1793 827 1878 παρθένων
840 1796 922 1877 μίαν
936 1806 1045 1877 γαμεί,

226 1887 229 1895 ’
314 1891 505 1978 Ψαμάθην,
521 1889 637 1979 ἐπειδὴ
653 1889 759 1980 λέκτρ’
775 1889 908 1979 ἀφῆκεν
922 1899 1065 1960 Αἰακοῦ.

308 1999 412 2062 τίκτει
426 1994 464 2063 δὲ
478 1995 579 2064 τέκνα
593 1991 692 2063 δισσὰ
704 1999 818 2062 τοῖσδε
832 1994 972 2082 δώμασι,

310 2096 545 2184 Θεοκλύμενον
558 2093 669 2185 ἄρσεν’
686 2092 750 2180 [ὅτι
766 2095 808 2184 δὴ
822 2095 926 2178 θεούς
940 2098 1050 2184 σέβων

309 2204 387 2285 βίον
402 2195 560 2286 διήνεγκ’]
578 2195 701 2286 εὐγενῆ
716 2226 752 2267 τε
766 2201 942 2289 παρθένον
1162 2213 1189 2265 10

307 2299 418 2386 Εἰδύ,
438 2299 474 2370 τὸ
489 2299 614 2389 μητρός
628 2297 792 2388 ἀγλάισμ’,
807 2298 852 2370 ὅτ’
869 2292 913 2389 ἦν
927 2302 1068 2389 βρέφος·

308 2405 380 2471 ἐπεὶ
396 2399 429 2471 δ’
447 2407 479 2483 ἐς
493 2399 582 2490 ἥβην
595 2393 705 2490 ἦλθεν
718 2398 824 2494 ὡραία
840 2404 967 2490 γάμων,

308 2512 470 2574 καλοῦσιν
486 2501 595 2592 αὐτὴν
609 2505 777 2593 Θεονόην·
804 2504 846 2574 τά
863 2517 942 2574 θεία
954 2503 1018 2594 γάρ

308 2605 348 2675 τά
362 2602 387 2675 τ’
403 2604 485 2676 ὅντα
499 2609 555 2676 καί
568 2610 734 2694 μέλλοντα
747 2604 840 2678 πάντ’
856 2605 1028 2696 ἠπίστατο,

306 2709 478 2798 προγόνου
492 2717 645 2799 λαβοῦσα
657 2713 800 2800 Νηρέως
813 2714 910 2798 τιμάς
926 2709 1025 2798 πάρα.
1164 2722 1190 2781 15,

306 2807 387 2898 ἡμίν
405 2813 443 2880 δὲ
457 2819 500 2900 γῆ
513 2813 576 2900 μὲν
589 2815 709 2898 πατρίς
722 2811 785 2882 ούκ
800 2809 978 2900 ἀνώνυμος

307 2912 463 3003 Σπάρτη,
479 2913 587 3004 πατὴρ
603 2915 642 2982 δὲ
659 2913 876 3004 Τυνδάρεως·
909 2921 1000 2982 ἔστιν
1013 2912 1051 2981 δὲ
1067 2912 1109 3000 δὴ

306 3013 404 3102 λόγος
418 3043 467 3096 τις
483 3011 527 3094 ὦς
540 3014 626 3096 Ζεύς
639 3013 749 3106 μητέρ’
766 3013 873 3086 ἔπτατ’
892 3023 938 3096 εἰς
952 3013 1035 3102 ἐμὴν

305 3116 423 3204 Ληδαν
437 3113 568 3186 κύκνου
582 3115 775 3206 μορφώματ’
792 3117 933 3208 όρνιθος
946 3115 1070 3204 λαβοίν,

258 3215 345 3351 ρδς
357 3220 473 3290 δόλιον
492 3215 596 3307 εύνὴυ
610 3223 747 3311 ἐξέπραξ
776 3250 825 3290 υπ
848 3229 951 3290 αετού
1159 3232 1190 3284 20

272 3329 438 3411 δίωγμα
455 3322 611 3410 φεύγων,
627 3328 660 3391 εἰ
670 3347 781 3412 σαφης
797 3351 896 3403 ουτος
909 3321 1018 3409 λόγος.

302 3419 416 3511 Ἑλένη
431 3423 462 3492 δ’
479 3423 644 3510 ἐκλήθην·
665 3452 687 3491 α
671 3420 739 3493 “δὲ
752 3424 974 3511 πεπόνθαμεν
988 3421 1075 3491 κακά

307 3523 465 3612 λέγοιμ”’
445 3554 497 3593 αν.
532 3517 642 3610 ἦλθον
656 3541 744 3614 τρεις
756 3529 836 3595 θεαί
849 3526 992 3605 κάλλους
1007 3527 1083 3612 πέρι
