2517 3934
188 187 231 250 0⁴
561 183 841 245 ΑΝΔΡΟΜΑΧΗ

304 355 408 439 στάζον
422 353 579 434 λισσάδος
595 349 640 433 ὥς
656 355 777 444 πέτρας

304 457 400 546 λιβὰς
415 454 567 544 όινήλιος,
583 451 757 526 ἆτόλαιν’.

192 571 270 632 ΜΟ.
307 558 392 649 όόμοι
405 588 481 648 μοι,
495 567 532 628 τί
542 556 575 628 δ’
593 556 659 646 ἐγὼ
673 565 788 628 κακῶν

303 671 406 752 μῆχος
420 661 647 750 ἕξανόοωμαι;

189 777 267 839 ΜΕ.
298 773 334 834 τί
344 793 385 854 με
398 771 631 853 προσπίτνεις,
649 766 745 836 ἁλίαν
762 773 886 856 πέτραν

304 863 327 955 ἦ
341 874 431 955 κῦμα
445 875 551 947 λιταῖς
573 865 619 949 ὣς
637 868 810 952 ίκετεόωνς

304 984 373 1050 τοῖς
386 963 452 1060 γὰρ
466 972 596 1057 ἐμοῖσιν
609 967 718 1058 γέγον’
735 967 876 1058 ιόφελία,

304 1075 358 1142 σοὶ
373 1069 408 1142 δ’
425 1069 528 1141 οὐδὲν
542 1079 606 1159 ἔχω
620 1080 780 1162 φίλτρον,
795 1077 872 1143 ἐπεί
882 1101 931 1142 τοι
1150 1092 1203 1144 540

303 1171 373 1264 μέγ’
390 1171 565 1255 ἆναλιόσας
578 1181 687 1262 ψυχῆς
704 1174 824 1264 μόριον

308 1284 434 1367 Τροίαν
448 1273 539 1346 εἷλον
552 1278 748 1368 καὶμητέρα
763 1277 842 1366 σήν·

304 1372 343 1469 ἧς
358 1377 541 1449 ἀπολαύων

294 1479 371 1552 “Am
375 1511 416 1570 ην
428 1481 573 1569 χθόνιον
586 1482 778 1570 καταβήσει.

190 1593 260 1654 XO.
301 1587 358 1655 καὶ
372 1582 440 1673 μὴν
455 1586 601 1674 δέδορκα
614 1583 715 1654 τόνδε
728 1587 843 1674 Πηλέα
857 1586 969 1672 πέλας,
1148 1604 1201 1658 545

304 1692 437 1777 σπουδῇ
452 1689 590 1756 τιθέντα
604 1691 709 1776 δεῦρο
723 1685 867 1778 γηραιόν
880 1687 978 1756 πόδα.

190 1797 266 1858 ΠΗ.
303 1786 391 1877 ὑμᾶς
405 1793 518 1878 ἐρωτῶ
532 1785 594 1858 τόν
606 1786 632 1858 τ’
649 1792 820 1878 ἐφεστῶτα
833 1796 959 1879 σφαγῇ,

302 1900 338 1962 τί
349 1900 454 1961 ταῦτα
468 1894 526 1961 καὶ
538 1898 627 1976 πῶς;
647 1894 684 1959 ἐκ
702 1899 793 1972 τίνος
808 1895 913 1978 λόγου
931 1908 1026 1962 νοσεῖ

251 1970 258 2029 ¹
305 1994 425 2082 δόμος;
440 2003 476 2064 τί
488 1967 778 2085 πρόσσετἚιριτα
793 1994 1045 2084 μηχανώμενοι,

302 2093 462 2185 Μενέλα’,
478 2101 626 2184 ἐπίσχες·
646 2096 691 2186 μὴ
705 2095 817 2185 τάχυν’
834 2093 919 2168 ἄνευ
934 2103 1040 2189 δίκης.
1144 2118 1200 2170 550

302 2196 391 2290 ἡγοῦ
405 2197 449 2270 σὺ
463 2206 611 2269 θᾶσσον·
627 2196 671 2268 οό
685 2199 750 2289 γὰρ
767 2197 812 2280 ὥς
826 2203 918 2270 ἔοικέ
929 2228 986 2289 μοι

303 2309 421 2391 σχολῆς
435 2299 509 2372 τόδ’
526 2309 646 2392 ἔργον,
662 2299 731 2372 ἀλλ’
749 2299 980 2392 ἄνηβητηρίαν

303 2405 420 2494 ῥώμην
433 2401 463 2494 μ’
480 2409 607 2474 ἐπαινῶ
620 2404 822 2494 λαμβάνειν,
838 2415 932 2495 εῖπερ
947 2407 1036 2475 ποτέ.

304 2507 514 2597 πρῶτονμὲν
528 2498 592 2576 οόν
606 2504 675 2578 κατ’
692 2499 798 2598 οὖρον
813 2504 925 2595 ὥσπερ
942 2513 1059 2589 ίστίοις

303 2610 530 2699 ἕμπνεόσομαι
543 2606 637 2701 τῇδ’·
653 2614 741 2698 είπέ,
757 2619 825 2682 τίνι
839 2615 918 2701 δίκη
931 2613 1029 2700 χέρας
1147 2629 1201 2684 555
1255 2635 1256 2692 ι

197 2724 202 2731 ’
302 2713 476 2804 βρόχοισιν
489 2713 690 2801 ἐκδήσαντες
705 2711 771 2784 οἵδ’
788 2710 915 2801 ἄγουσί
924 2734 963 2783 σε
1254 2711 1255 2772 ί

301 2820 358 2886 καὶ
371 2814 479 2898 παῖδ’;
495 2812 648 2905 ῧπαρνος
661 2813 726 2906 γόρ
740 2844 791 2898 τις
805 2813 849 2897 δός
864 2812 1064 2904 ἀπόλλυσαι,
1253 2789 1254 2854 δ

302 2916 398 3008 ἡμῶν
412 2916 569 2988 ἀπόντων
583 2926 645 2988 τοῦ
658 2947 694 2989 τε
707 2927 830 3010 κυρίου
845 2922 958 2988 σέθεν.

189 3033 261 3095 AN.
297 3018 377 3108 οἵδ’,
393 3012 422 3091 ό
437 3024 568 3110 γεραιέ,
584 3020 650 3092 σὺν
663 3025 770 3116 τέκνῳ
783 3023 1003 3110 θανουμένην

304 3121 429 3212 ἄγουσί
438 3120 469 3212 μ’
486 3122 594 3205 οὕτως
608 3121 652 3206 ὣς
667 3122 758 3218 ὁρᾷς.
787 3134 823 3195 τί
832 3146 886 3195 σοι
899 3127 1006 3213 λόγος
1143 3141 1199 3196 560

302 3226 344 3299 οὐ
357 3226 423 3318 γὰρ
437 3234 514 3316 μιᾶς
526 3249 565 3297 σε
578 3228 742 3315 κληδόνος
755 3234 932 3317 προθυμία

301 3337 490 3419 μετῆλθον,
506 3327 591 3400 ἀλλὰ
605 3338 739 3419 μυρίαν
754 3327 990 3434 ὑπ’ό-γγέλων.
1013 3313 1057 3410 XX

303 3439 377 3520 έριν
391 3433 429 3503 δὲ
442 3430 505 3520 τὴν
518 3430 586 3501 κατ’
605 3431 701 3502 οἷκον
713 3432 815 3502 οἶσθά
829 3460 896 3502 που
910 3431 1027 3501 κλόων

301 3542 360 3622 τῆς
373 3540 474 3604 τοῦδε
487 3534 675 3624 θυγατρός,
703 3525 752 3604 ὧν
766 3532 792 3604 τ’
807 3531 999 3622 ἀπόλλυμαι
1012 3529 1122 3622 χόριν.
