2517 3934
150 168 215 234 898

559 170 760 229 mmm

269 335 406 429 δῶματα
420 335 555 409 λιποῶσ’
575 329 651 427 ἦλθ’
663 335 804 427 Ἐρινύς.

268 545 387 633 γόους,
402 541 550 631 [τἰφήσω,
564 540 645 623 τοὺς
659 546 731 612 έκεί
741 542 804 630 μὲν
818 546 977 629 έκλιναν]

270 657 365 717 είασα
378 646 531 735 μύθους·
545 652 612 714 νῦν
625 641 856 732 δ”Αδραστου
870 648 1007 731 δστορῶ·
1113 658 1169 715 810

269 749 380 818 πόθεν
393 746 476 818 ποθ’
493 752 565 817 οἵδε
579 753 774 836 διαπρεπεῖς
790 743 935 837 εὐψυχίᾳ

268 858 407 939 θνητῶν
421 857 570 938 έφυσαν;
587 851 661 918 εἰπέ
673 847 720 937 γ’,
736 845 780 928 ῶς
795 849 997 937 σοφῶτερος,

269 955 397 1022 νέοισιν
410 948 523 1021 ἀστῶν
536 947 660 1020 τῶνδ’·
676 951 868 1038 ἐπιστήμων
882 949 944 1038 γὰρ
962 950 1002 1020 εί.

270 1053 364 1125 ελδον
376 1053 441 1142 γὰρ
456 1050 571 1123 αὐτῶν
584 1049 755 1142 κρείσσον’
771 1048 793 1140 ἢ
807 1056 898 1134 λέξαι
911 1052 1001 1145 λόγφ

269 1153 470 1244 τολμήμαθ’,
486 1150 536 1235 οἷς
549 1152 689 1242 ἤλπιζον
701 1155 854 1244 αἱρήσειν
869 1154 979 1223 πόλιν.
1114 1169 1168 1225 845

270 1263 310 1327 ἓν
323 1255 357 1327 δ’
373 1254 436 1326 οὐκ
450 1256 613 1347 ἐρήσομαί
623 1279 679 1344 σε,
696 1256 741 1345 μή
756 1252 874 1345 γέλωτ’
891 1253 997 1345 όφλω,

269 1356 337 1450 ότφ
363 1362 503 1447 ξυνέστη
516 1356 619 1428 τῶνδ’
636 1362 774 1439 ἕκαστος
787 1362 824 1428 έν
838 1358 924 1448 μάχη

268 1457 291 1549 ἢ
303 1469 436 1549 τραῦμα
449 1461 570 1549 λόγχης
584 1468 755 1549 πολεμίων
768 1464 911 1543 ἐδέξατο.

269 1565 362 1632 κενοὶ
376 1561 440 1651 γὰρ
455 1554 548 1632 οὗτοι
561 1570 632 1632 τῶν
644 1559 675 1632 τ’
691 1560 888 1632 ἀκουόντων
903 1560 997 1650 λόγοι

270 1667 401 1734 καὶτοῦ
417 1667 591 1753 λέγοντος·
607 1689 679 1744 πως
695 1692 742 1745 τις
761 1668 797 1733 ἐν
813 1664 900 1754 μάχη
917 1664 1025 1752 βεβῶς
1113 1679 1167 1734 850

269 1765 389 1856 λόγχης
403 1766 519 1854 ίοόσης
532 1766 686 1855 πρόσθεν
700 1762 859 1854 όμμότων
874 1762 1003 1857 πυκνῆς

268 1877 384 1957 σαφῶς
398 1865 575 1956 ἀπήγγειλ’
591 1865 681 1948 ὅστις
698 1870 788 1937 ἐστὶν
802 1864 947 1957 ἆγαθός;

270 1967 334 2039 οὐκ
348 1965 391 2039 ῶν
405 1975 575 2058 δυναίμην
589 1966 663 2039 οὔτ’
679 1973 844 2067 έρωτήσαι
857 1970 936 2039 τόδε

269 2068 342 2142 οὔτ’
360 2067 403 2142 ἂν
416 2075 581 2142 πιθέσθαι
595 2087 683 2159 τοῖσι
696 2079 864 2159 τολμῶσιν
876 2074 1004 2159 λέγειν·

268 2174 364 2262 μόλις
378 2172 442 2261 γόιρ
456 2171 498 2242 ῶν
512 2203 561 2254 τις
575 2171 661 2243 αὐτὰ
676 2170 851 2261 τάναγκαῖ’
869 2170 953 2262 ὁρᾶν
1112 2188 1164 2243 855

269 2272 400 2344 δύναιτ’
417 2271 460 2344 ἂν
473 2274 575 2356 ἑστῶς
588 2283 759 2363 πολεμίοις
772 2279 932 2356 ἐναντίος.

221 2428 229 2444 .
268 2375 371 2447 ἄκουε
386 2378 428 2465 δή
441 2400 523 2446 νυν·
539 2376 674 2467 καὶγὰρ
689 2374 752 2447 οὐκ
767 2374 887 2450 ἄκοντί
896 2406 953 2466 μοι

269 2484 372 2559 δίδως
385 2486 523 2549 ἔπαινον
536 2477 652 2568 τῶνδ’,
667 2480 733 2567 έγῶ
746 2507 782 2549 τε
792 2480 958 2569 ,βούλομαι

271 2587 382 2670 φίλων
395 2578 507 2670 ἀληθῆ
520 2584 577 2651 καὶ
591 2580 695 2652 δίκαι’
714 2589 821 2652 εἰπεῖν
835 2585 922 2672 πέρι.

269 2680 350 2775 ὁρᾷς
364 2681 401 2753 τὸ
418 2695 506 2754 Δῖον
520 2676 563 2753 οὗ
576 2687 673 2773 βέλος
687 2688 860 2768 διέπτατο;
1112 2700 1164 2755 860

270 2784 451 2867 Καπανεὺς
465 2783 518 2855 ὅδ’
538 2791 646 2856 ἐστίν’
675 2778 702 2879 ῶ
717 2794 790 2876 βίος
803 2787 866 2875 μὲν
879 2777 923 2874 ἦν
935 2786 1051 2874 πολύς,

267 2884 388 2976 ἥκιστα
402 2887 436 2958 δ’
452 2886 543 2982 ὄλβῳ
557 2897 683 2978 γαῦρος
697 2880 755 2977 ἦν·
772 2889 931 2978 φρόνημα
948 2888 986 2957 δὲ

271 2987 374 3059 οὐδέν
387 3019 418 3059 τι
432 3000 544 3079 μεῖζον
559 2991 648 3078 εἶχεν
661 2986 683 3079 ἢ
697 2994 800 3079 πένης
813 2988 910 3079 αἰνήρ,

271 3088 410 3180 φεόγων
423 3096 597 3181 τραπέζαις
612 3090 703 3172 ὅστις
721 3090 882 3181 ἐξογκοῖτ’
901 3089 987 3180 όγαν

268 3190 449 3282 τάρκοῦντ’
466 3191 601 3279 ἀτίζων·
620 3192 662 3264 οὐ
676 3194 741 3283 γὰρ
758 3199 795 3265 έν
808 3193 951 3284 γαστρὸς
966 3198 1053 3285 βορᾷ
1111 3206 1164 3263 865

269 3293 306 3364 τὸ
320 3294 465 3383 χρηστὸν
481 3296 583 3381 εἶναι,
598 3300 716 3385 μέτρια
730 3294 762 3366 δ’
780 3301 932 3386 ἐξαρκεῖν
947 3303 1023 3385 ἔφη.

270 3402 368 3481 φίλος
381 3392 411 3461 τ’
427 3394 557 3483 ἀληθής
569 3388 613 3483 ήν
626 3406 739 3485 φίλοις
753 3406 905 3487 παροῦσί
914 3425 951 3467 τε

271 3494 327 3559 καὶ
339 3493 385 3580 μή
398 3502 579 3579 παροῦσιν·
597 3488 647 3566 ῶν
660 3497 806 3588 ἀριθμός
819 3497 860 3570 οὐ
876 3500 991 3579 πολύς.
