2517 3934
176 183 225 234 XX
491 183 542 234 DE
560 182 746 236 EVRlPIDIS
764 181 848 236 VITA

177 335 296 397 lochum
320 342 465 405 actorem,
490 336 678 416 Euripidem.
710 353 838 414 quorum
861 340 930 395 natu
952 332 1092 394 minimus
1113 333 1167 396 ali-

176 428 249 501 quot
270 421 361 500 patris
383 421 550 497 tragoedias
573 417 753 497 ediderit²⁶).
799 426 965 481 extremum
988 420 1064 479 vitae
1091 424 1167 478 tem·

176 523 233 584 pus
255 513 337 565 extra
359 507 483 582 patriam
498 505 656 584 Euripides
670 504 760 581 degit.
793 505 922 584 primum
945 505 1024 565 enim
1046 502 1168 580 llagne·

177 591 251 649 siam
272 591 367 668 petiit,
390 589 441 649 ubi
463 590 594 667 hospitio
616 588 738 667 publico
761 596 791 649 et
806 589 994 649 immunitate
1015 606 1089 648 usus
1112 595 1167 657 est,

178 680 242 734 tum
265 674 301 734 ad
324 673 501 735 Archelaum
516 673 707 734 Macedoniae
729 690 832 751 regem
855 691 887 733 se
909 671 1043 740 contulit,
1067 692 1084 733 a
1107 688 1168 750 quo

177 756 273 835 regali
305 758 505 819 munisscentia
539 767 569 819 et
601 756 778 818 liberalitate
815 764 958 835 exceptus
990 772 1169 833 summoque

177 841 291 902 honore
315 843 437 902 allectus
456 839 556 920 est²⁰).
588 844 673 902 cuius
689 842 940 921 peregrinationis
955 859 1011 901 nec
1026 841 1063 901 de
1078 859 1168 902 causa

178 944 234 986 nec
262 925 298 985 de
327 934 461 1005 tempore
489 927 560 986 satis
587 926 684 986 edocti
711 944 828 993 sumum
858 926 909 985 sed
937 923 1093 1003 probabile
1122 935 1171 986 est

177 1016 296 1090 poetam
324 1012 385 1070 sive
414 1029 515 1072 rerum
543 1009 729 1089 publicarum
757 1009 923 1071 calamitate
950 1010 1075 1070 lractom
1106 1011 1169 1071 sive

179 1093 415 1155 aduersariorum
438 1096 558 1156 iniuriis
578 1093 748 1156 lacessitum
769 1097 864 1173 patria
881 1095 1014 1165 cessisse,
1031 1103 1061 1154 et
1074 1112 1169 1173 quan·

180 1186 242 1239 turn
267 1198 283 1238 e
305 1186 475 1258 temporum
497 1181 612 1240 ratione
635 1178 813 1256 colligimus,
837 1181 941 1256 paucis
962 1185 1030 1238 ante
1052 1177 1169 1239 obitum

179 1264 265 1323 annis
286 1263 446 1325 admodum
468 1283 560 1324 senex
581 1265 704 1325 Athenis
726 1264 877 1343 proiectus
899 1260 996 1342 est27).
1029 1262 1169 1324 Archelai

249 1397 292 1462 25)
312 1398 378 1449 Vita
395 1398 460 1452 Eur.
478 1413 520 1452 vs.
533 1400 579 1448 27:
599 1392 682 1456 οίοὺς
698 1391 835 1448 κατέλιπε
852 1398 937 1458 τρεῖς,
954 1395 1171 1463 Μνησαρχίδην

180 1459 232 1529 μὲν
243 1463 355 1526 πρῶτον
368 1459 502 1544 ἔμπορον,
522 1456 606 1544 degite
625 1481 658 1515 ον
671 1458 705 1515 δὲ
718 1464 906 1530 Μνησίλοχον
918 1457 1086 1545 ὖποκρίτηνχ
1099 1459 1171 1516 νεώ·

180 1547 268 1581 τατον
291 1527 323 1582 δὲ
349 1530 529 1598 Ενριπίδην,
551 1548 583 1591 ος
605 1483 724 1594 ίδίδαξε
742 1525 920 1596 τοῦπατρὸς
938 1527 1003 1584 ἔνια
1026 1531 1170 1598 δραματα.

182 1598 274 1649 Sahal.
297 1600 343 1648 Ar.
365 1602 436 1651 Rau.
458 1602 504 1650 ot:
533 1593 568 1650 αί
587 1597 776 1651 διδασκαλίαι
799 1595 918 1666 φέρουσι
945 1597 1171 1665 τελευτήσαντος

182 1657 348 1730 Εὐριπίδου
370 1658 421 1719 τὸν
444 1661 508 1718 atla
531 1660 620 1718 αὐτοῦ
647 1662 836 1733 δεδιδαχέναι
857 1660 1010 1731 ὁμώνυμον
1033 1661 1065 1719 ἐν
1087 1659 1171 1719 ἄστει

179 1726 354 1799 Ἰφιγένειαν
372 1730 425 1800 την
443 1726 475 1784 ἐν
492 1725 607 1794 Αὐλίδι,
623 1725 682 1785 Ἀλκ
706 1733 811 1797 αι’ωνα,
829 1729 954 1800 Βσὶκχας.

250 1797 296 1867 26)
316 1801 408 1853 Saia:
432 1792 546 1864 ἀπάρας
565 1796 599 1853 δὲ
617 1793 671 1852 ἄπ’
690 1802 815 1866 Αθηνῶν
832 1788 908 1864 ἦλθε
930 1797 1003 1866 πρὸς
1022 1793 1172 1868 Ἀρχέλαον

183 1859 233 1920 τὸν
254 1863 375 1932 βασιλέα
397 1867 453 1920 τῶν
469 1865 666 1930 Μακεδόνων,
691 1859 761 1931 παρ’
780 1856 802 1938 ᾧ
820 1867 905 1949 διῆγε
922 1869 973 1936 τῆς
991 1861 1081 1936 ἄκρας
1098 1863 1171 1922 ἄπο-

184 1927 278 1986 λαύων
295 1936 389 2014 τιμῆς.
421 1937 566 2001 Syncellus
583 1953 609 2000 p.
622 1940 681 1999 500,
693 1938 721 1987 λι
739 1931 812 2000 μετοὶ
830 1954 885 2002 γαρ
899 1935 1067 2000 Περδίκκαν
1081 1929 1171 2002 Ἀρχέ-

183 2003 251 2062 λαος
264 1995 279 2054 ὁ
293 1998 356 2064 οίος
370 1994 459 2055 αὐτοῦ
472 1995 657 2068 ἐβασίλευσεν
675 1999 724 2071 ἔτη
738 2000 785 2062 ιδ’,
804 1999 874 2068 πρὸς
892 1993 927 2055 ὃν
944 2002 993 2055 καί
1007 1999 1172 2072 Εὐριπίδης

182 2064 396 2138 τραγῳδοποιὸς
408 2069 623 2138 παραγενηθεὶς
632 2063 728 2122 πάντα
738 2064 788 2123 τὸν
800 2069 904 2136 χρόνον
917 2069 1001 2138 διῇξε
1012 2063 1173 2137 τιμώμενος

183 2132 252 2202 παρ’
267 2129 354 2203 αὐτῷ.
376 2139 463 2190 Solini
473 2139 569 2203 Polyb.
584 2156 607 2190 ο.
617 2142 643 2201 9,
657 2142 688 2191 15
701 2155 726 2204 p.
738 2141 778 2200 73,
788 2141 818 2188 4:
830 2140 871 2190 bic
882 2139 1026 2190 Archelaus
1037 2143 1063 2190 ia
1076 2147 1174 2191 tantum

184 2208 326 2256 litterarum
343 2208 405 2257 mire
417 2213 516 2256 amator
531 2206 583 2269 suit
594 2213 620 2256 ut
638 2207 764 2272 Euripidi
775 2209 873 2270 tragico
884 2209 1044 2257 conciliorum
1054 2224 1174 2258 murmane

185 2275 368 2324 concrederctr
386 2277 456 2324 cuius
473 2290 591 2338 suprema
603 2290 653 2325 nou
666 2281 797 2326 contentus
812 2279 936 2340 prosequi
950 2283 1047 2338 camptu
1063 2276 1174 2339 [σκοτίη

185 2343 279 2391 crinem
296 2347 383 2391 tonsae
400 2347 439 2392 eet
456 2348 481 2390 et
498 2357 637 2392 moerorem
654 2358 725 2407 quem
742 2342 824 2392 anima
836 2347 990 2406 conceperat
1007 2346 1074 2391 uultu
1089 2344 1175 2406 publi·

185 2410 260 2458 cauit.
295 2409 435 2459 Lucienus
454 2409 486 2459 de
505 2424 595 2472 paras.
617 2425 642 2460 o.
661 2413 707 2461 35:
726 2399 890 2474 Εὐριπίδης
907 2402 961 2473 μὲν
980 2401 1034 2474 γὰρ
1052 2399 1101 2460 ὅτι
1116 2401 1174 2477 Ἀρ-

187 2467 278 2541 zaraa
290 2473 327 2541 με’
346 2493 373 2543 ρι
385 2473 437 2527 τοῦ
448 2466 582 2528 θανάτου
593 2474 741 2540 παρεσίτει
752 2472 802 2527 καί
812 2467 981 2542 Ἀνάξαρχος
991 2468 1175 2546 Ἀλεξάνδρῳ,

187 2534 299 2602 πάντως
319 2491 479 2597 ἒῖπίστασαι.
515 2543 583 2595 Vita
600 2545 666 2593 Eur.
685 2558 726 2593 vs.
745 2546 791 2593 21:
809 2541 930 2608 μετέστη
948 2539 981 2594 δὲ
1000 2536 1031 2595 ἐν
1048 2545 1174 2610 Μαγνη-

187 2610 235 2678 σίᾳ
253 2609 303 2663 καί
313 2609 452 2678 προξενίᾳ
470 2603 596 2678 ἐτιμήθη
614 2609 664 2661 καὶ
682 2600 807 2680 ἀτελείᾳ.
838 2603 956 2663 ἐκεῖθεν
970 2607 1004 2662 δὲ
1020 2606 1061 2669 εἰς
1072 2613 1176 2662 Μακε-

186 2677 291 2732 δονίαν
312 2675 378 2742 περί
401 2670 549 2745 Ἀρχέλαον
576 2672 728 2744 γενόμενος
753 2673 883 2759 διέτριψε
909 2676 959 2728 καὶ
988 2671 1176 2745 χαριζόμενος

187 2739 264 2825 ardep]
287 2745 383 2814 δρᾶμα
407 2738 563 2820 ὁμωνύμως
585 2740 694 2813 ἔγραψε
715 2742 766 2796 καί
788 2748 865 2809 μαλα
885 2732 942 2810 [εὖ]
963 2740 1086 2809 ἔπραττε
1103 2741 1175 2811 παρ’

188 2812 276 2881 αυτῷ,
295 2805 343 2868 ὅτε
362 2811 411 2863 καί
430 2806 477 2864 tat
496 2829 551 2862 των
570 2809 740 2878 διοικήσεων
758 2805 879 2878 ἐγένετο.
914 2813 963 2864 ubi
981 2829 1052 2878 quae
1071 2813 1105 2863 de
1124 2816 1176 2863 Ar-

188 2880 281 2931 chelao
304 2879 448 2944 tragoedia
464 2885 612 2930 manantur
629 2879 693 2930 ficte
711 2895 772 2931 cese
795 2881 928 2945 suspicor.
961 2880 1044 2945 longe
1062 2880 1176 2931 divorsa

188 2947 273 3000 tradit
293 2947 445 2998 Diomedes
469 2963 495 3010 p.
518 2948 584 3010 488,
607 2949 653 2998 20:
682 2948 788 2997 triadica
810 2964 915 3013 caraque
938 2950 1087 3013 tragoediae
1110 2965 1176 3011 pro-

188 3018 282 3080 prium,
305 3017 413 3080 ideoque
429 3014 571 3078 Euripides
586 3022 691 3078 petente
708 3015 838 3065 Archelao
855 3031 916 3080 repe
934 3024 962 3065 ut
978 3018 1010 3065 de
1028 3031 1056 3066 ee
1072 3022 1176 3080 trapae-

188 3084 255 3134 dtam
265 3083 390 3134 scriberet
407 3081 494 3132 abnuit
506 3097 537 3130 ac
553 3089 675 3144 precatae
686 3088 725 3131 eet
742 3097 773 3131 ue
785 3084 915 3133 accideret
927 3083 1056 3132 Archelao
1068 3085 1177 3149 aliquid,

187 3153 346 3216 tragoediam
364 3151 502 3200 ostendens
520 3149 581 3198 nibil
597 3150 670 3198 aliud
686 3163 740 3199 eece
759 3166 832 3214 quam
843 3152 1001 3200 miseriarum
1014 3152 1177 3214 comprehen-

188 3221 291 3270 eioaera.
326 3216 477 3268 versiculos
498 3215 574 3276 illoc,
599 3206 634 3267 οὗ
657 3206 797 3295 βούλομαι
819 3215 993 3269 πλουτοῦντι
1016 3215 1178 3282 δωρεῖσθαι

188 3282 292 3353 πένης,
310 3275 351 3351 μή
368 3274 401 3349 μ’
421 3274 537 3348 ἄφρονα
555 3280 653 3349 κρίνῃς
670 3301 688 3348 η
708 3277 811 3344 deducio
828 3280 923 3336 αίτείν
942 3283 1019 3336 δοκῶ
1037 3284 1083 3350 (ir.
1101 3283 1178 3350 960),

189 3353 379 3405 Dicaearchus
398 3353 556 3416 suspicatus
576 3355 617 3400 est
636 3350 671 3400 ad
688 3350 851 3402 Archelaum
870 3353 961 3403 dictos
978 3367 1054 3403 essee
1076 3353 1106 3404 id
1125 3369 1178 3417 quo
1211 3358 1214 3362 '

189 3423 249 3473 iuro
268 3421 424 3486 suspicatus
443 3421 494 3482 sit,
514 3419 607 3468 nescio
625 3432 713 3483 neque
731 3420 803 3470 scire
820 3419 926 3470 laboro.

256 3488 301 3553 27)
319 3487 478 3551 Euripidem
490 3485 546 3536 dici
556 3487 680 3551 suspicor
689 3502 705 3535 a
715 3486 875 3538 Philodamo
885 3486 918 3537 de
928 3486 1005 3537 vitiis
1015 3487 1040 3537 X
1052 3503 1078 3552 p.
1087 3488 1121 3536 20
1131 3487 1176 3538 ed.

193 3555 311 3624 Sauppe
325 3549 372 3606 διὸ
387 3551 437 3606 καὶ
452 3550 543 3619 φασίν
557 3543 724 3620 ἀχθόμενον
739 3545 829 3606 αὐτὸν
839 3547 885 3606 ἐπὶ
895 3551 933 3618 τῷ
949 3550 1052 3621 σχεδὰν
1066 3548 1179 3613 πάντας
