2517 3934
298 216 508 275 ΗΡΑΚΛΗΣ
525 215 835 278 ΜΑΙΝΟΜΕΝΟΣ
1013 208 1075 275 327

181 384 306 475 χρόνον
320 384 358 453 δὲ
371 382 575 472 μηκύνωμεν
588 379 684 464 όντες
697 379 864 464 ἀσθενεῖς.

68 498 148 561 AM.
185 480 212 557 ῶ
225 488 392 577 θύγατερ,
409 482 502 555 ούτοι
516 486 635 578 ῥᾴδιον
647 484 688 555 τὰ
701 486 812 555 τοιάδε

184 589 323 680 φαύλως
337 596 513 679 περαίνειν
525 585 748 659 σπουδάσαντ’
766 586 850 657 ἀνευ
864 587 983 657 πόνου.

67 704 147 765 ΜΕ.
182 693 290 781 λύπης
304 721 336 762 τι
353 695 506 781 προσδεῖς
523 687 545 777 ἢ
563 698 672 776 φιλεῖς
689 685 778 755 ούτω
797 686 901 773 φάοςς
1044 704 1079 758 9ο

67 804 150 869 ΑΜ.
182 797 239 865 καί
253 800 339 887 τῷδε
351 801 456 885 χαίρω
469 796 527 864 καί
543 801 631 882 φιλῶ
645 792 704 875 τὰς
721 798 868 873 ἐλπίδας.

68 909 148 970 ΜΕ.
184 895 293 987 κάγῶ·
322 902 438 967 δοκεῖν
452 897 490 966 δέ
506 891 658 985 τάδόκητ’
678 893 720 966 ού
733 896 813 984 χρή,
831 899 943 985 γέρον.

69 1011 151 1074 ΑΜ.
186 1004 223 1071 ἐν
237 1015 308 1080 ταῖς
322 996 504 1088 ἀναβολαῖς
516 1006 585 1069 τῶν
598 1006 713 1069 κακῶν
728 996 828 1068 ἔνεστ’
846 995 921 1086 ἀκη.

69 1114 149 1175 ΜΕ.
187 1101 205 1175 ό
219 1100 255 1173 δ’
275 1107 312 1172 ἐν
325 1104 415 1194 μέσῳ
429 1129 471 1189 με
484 1100 612 1190 λυπρός
627 1097 676 1171 ῶν
695 1101 811 1170 δάκνει
824 1101 954 1188 χρόνος.

70 1216 152 1279 ΑΜ.
184 1204 315 1295 γένοιτό
328 1201 406 1291 τάν,
422 1196 450 1272 ῶ
462 1204 631 1293 θύγατερ,
650 1200 766 1292 ούριος
780 1203 903 1291 δρόμος
1048 1216 1083 1272 96

188 1312 224 1379 ἐκ
238 1315 307 1377 τῶν
321 1306 499 1397 παρόντων
513 1304 616 1377 τῶνδ’
633 1308 708 1395 ἐμοὶ
720 1307 778 1376 καλ
792 1308 846 1375 σοὶ
860 1311 986 1392 κακῶν,

189 1406 322 1481 ἔλθοιτ’
340 1406 380 1479 ἐτ’
397 1405 440 1479 ἀν
454 1424 532 1491 παῖς
546 1406 667 1498 ούμός,
682 1406 834 1498 εύνάτωρ
849 1408 887 1477 δὲ
901 1407 968 1488 σός.

188 1510 261 1582 ἀλλ’
277 1509 418 1601 ἡσύχαζε
431 1514 488 1582 καλ
503 1512 736 1603 δακρυρρόους
750 1514 879 1581 τέκνων

190 1614 297 1703 πηγὰς
311 1611 449 1704 ἀφαίρει
466 1617 522 1683 καὶ
537 1613 743 1705 παρευκήλει
759 1613 881 1702 λόγοις,

190 1720 379 1788 κλέπτουσα
393 1717 516 1806 μύθοις
531 1715 674 1800 ἀθλίους
687 1715 812 1797 κλοπὰς
829 1712 928 1804 ὅμως.
1034 1729 1085 1783 100

191 1820 355 1909 κάμνουσι
371 1820 434 1909 γάρ
447 1847 498 1889 τοι
513 1822 569 1889 καί
583 1826 717 1910 βροτῶν
730 1825 769 1889 αί
778 1824 964 1906 συμφοραί,

191 1925 249 1993 καὶ
263 1918 421 2011 πνεύματ’
438 1919 572 2009 ἀνέμων
586 1920 650 1991 ούκ
665 1918 718 1991 ἀεὶ
731 1921 847 2010 ρῶμην
861 1928 928 2007 ἐχει

192 2020 274 2111 [οἵτ’
292 2020 512 2111 εὐτυχοῦντες
527 2023 584 2092 διά
597 2026 714 2104 τέλους
727 2021 791 2092 ούιι
806 2019 983 2109 εύτυχεῖς]·

92 2150 93 2153 ’
191 2131 355 2211 ἐξίσταται
368 2125 432 2216 γὰρ
447 2120 539 2196 πάντ’
556 2122 609 2195 ἀπ’
625 2124 781 2213 ἀλλήλων
794 2131 881 2212 δίχα.

193 2222 291 2309 οὗτος
305 2225 338 2298 δ’
357 2226 444 2318 ἀνὴρ
460 2224 593 2318 ἀριστος
607 2224 698 2309 ὅστις
711 2233 820 2297 ἐλπίσι
1034 2239 1087 2294 1⁰5

193 2336 359 2403 πέποιθεν
374 2328 441 2401 ἀεί·
457 2329 494 2400 τό
510 2328 543 2401 δ’
560 2328 700 2421 ἀπορεῖν
715 2327 839 2419 ἀνδρὸς
852 2333 970 2398 κακοῦ.

144 2489 151 2505 .
195 2432 355 2525 ὑψόροφα
369 2437 524 2524 μέλαθρα
965 2454 1035 2518 στρ.

198 2540 255 2608 καὶ
269 2537 389 2627 γεραιὰ
403 2534 526 2625 δέμνι’,
542 2534 628 2625 ἀμφὶ
643 2536 800 2626 βάκτροις
1215 2585 1249 2660 ⁴³(ss

198 2648 334 2732 ἔρεισμα
348 2643 508 2728 θέμενος,
524 2640 666 2727 ἐστάλην
680 2641 827 2726 ίαλέμων
1033 2631 1149 2803 Ω

194 2744 284 2832 γόων
298 2740 412 2822 ἀοιδὸς
428 2739 524 2824 [ῶστε
538 2739 665 2823 πολιὸς]
680 2736 783 2831 όρνις,
1041 2751 1054 2803 l
1103 2792 1106 2795 .
1140 2733 1156 2788 2'

199 2852 279 2915 ἔπεα
294 2843 401 2934 μόνον
413 2847 470 2915 καλ
486 2842 615 2931 δόκημα
628 2839 849 2932 νυκτερωπὸν

197 2948 349 3035 ἐννύχων
364 2944 518 3077 ὀνείρων,

197 3048 342 3141 τρομερά
357 3052 429 3138 μέν,
444 3044 554 3117 ἀλλ’”
534 3076 623 3135 ομως
638 3047 809 3171 πρόθυμα.

199 3181 225 3221 ω
212 3144 336 3222 τέκεα
349 3150 473 3241 πατρὸς
487 3141 676 3237 ἀπάτορ’ῶ,

200 3254 371 3345 γεραιέ’
327 3279 371 3323 σν
385 3282 421 3323 τε
435 3254 574 3323 τάλαινα
587 3259 653 3341 μᾶ-

199 3385 274 3448 τερ,
290 3385 311 3426 α
325 3355 385 3425 τὸν
394 3353 487 3426 Ἀίδα
502 3356 617 3444 δόμοις

199 3456 301 3531 πόσιν
315 3455 555 3543 ἀναστενάζεις.

300 3614 304 3622 -
401 3574 781 3635 107-118=ll9·-129
