2517 3934
545 185 819 246 ΑΝΔΡΟΜΑΧΗ

289 355 415 444 φόνον·
437 355 474 425 τὸ
489 361 650 443 συνδρῶν
665 355 730 444 γάρ
747 351 780 423 σ’
798 351 982 443 ἀναγκάσει
995 349 1107 445 χρέος.

287 455 332 549 ἦν
346 455 380 528 δ’
397 449 462 527 οὖν
476 457 542 547 ἐγιδ
556 458 618 546 μὲν
633 456 678 547 μὴ
694 468 817 527 θανεῖν
832 454 1057 548 ύπεκδριίμω,

286 561 347 631 τὸν
362 562 466 631 παῖδα
480 589 546 649 μου
561 576 728 645 κτενεϊτε;
743 552 829 652 κᾷτα
844 568 916 641 πῶς
929 558 1039 650 πατὴρ

287 668 409 734 τέκνον
423 663 592 744 θανόντος
606 667 732 755 ῥαδίως
746 661 914 747 όνέξεταις
1138 679 1197 734 340

289 764 352 854 ούχ
368 757 430 835 εἶδ’
448 763 621 856 ἄνανδρον
636 763 777 854 αύτὸνὴ
796 774 901 855 Τροία
915 774 1025 836 καλεῖ·

290 866 365 939 ἀλλ’
382 867 469 938 εἰσιν
484 864 519 937 οἷ
530 869 608 957 χρή·
623 872 764 957 Πηλέως
777 867 842 959 γὰρ
857 866 932 951 όξια

288 971 414 1061 πατρός
427 968 459 1040 τ’
473 968 647 1059 Ἀχιλλέως
662 979 743 1061 ἔργα
760 978 853 1060 δρῶν
868 972 1064 1060 φανήσεται.

290 1071 371 1144 ιόσει
385 1074 423 1143 δὲ
436 1073 501 1161 σὴν
515 1072 610 1144 παῖδ’
627 1078 665 1143 ἐκ
679 1075 809 1162 δόμων·
831 1073 876 1143 σύ
889 1071 922 1144 δ’
940 1072 1098 1157 ἐκδιδούς

290 1175 380 1270 ἄλλῳ
394 1184 430 1246 τί
441 1180 563 1260 λέξεις;
578 1177 725 1267 πότερον
739 1173 785 1257 ύς
798 1175 904 1246 κακὸν
918 1177 1019 1248 πόσιν
1138 1197 1194 1252 345

290 1280 411 1369 φεύγει
427 1284 465 1349 τδ
480 1280 603 1368 ταύτης
617 1287 775 1371 σωφρον;
792 1276 876 1348 νἰλλδ
895 1279 1067 1361 ψεύσεται.
1150 1346 1156 1354 ,

288 1399 391 1472 γαμεί
402 1383 440 1452 δὲ
456 1390 506 1463 τίς
519 1411 594 1465 νιν;
614 1379 636 1470 ἦ
650 1379 704 1470 σφ’
722 1379 896 1470 ἄνανδρον
913 1385 951 1452 ἐν
966 1383 1084 1471 δόμοις

290 1486 398 1574 χήραν
410 1487 565 1567 καθέξεις
580 1484 718 1568 πολιόν;
735 1475 762 1552 τό
776 1485 911 1572 τλήμων
925 1481 1018 1576 όνερ,

289 1595 404 1658 κακῶν
417 1584 590 1656 τοσούτων
604 1584 668 1674 ούχ
682 1584 763 1678 δρᾷς
777 1587 952 1678 ἐπιρρούςς

288 1691 394 1770 πόσας
409 1684 452 1758 δν
467 1686 568 1770 εύνὰς
581 1687 740 1781 θυγατέρ’
757 1687 966 1778 ἡδικημένην
1136 1710 1191 1764 350

289 1790 415 1883 βούλοι’
435 1786 478 1861 ἄν
493 1790 607 1884 εύρείν
622 1788 645 1879 ἢ
660 1803 786 1862 παθεῖν
800 1790 870 1882 διγω
886 1795 993 1882 λόγως

289 1891 332 1964 ού
344 1894 407 1984 χρὴ
422 1892 473 1964 ’πὶ
486 1911 617 1985 μικροῖς
631 1895 759 1984 μεγάλα
773 1895 957 1986 πορσύνειν
970 1893 1057 1966 κακὰ

290 1995 380 2085 οὐδ’,
395 2005 427 2068 εί
437 2000 597 2087 γυναῖκές
611 2002 713 2086 ἐσμεν
727 1995 853 2086 ἀτηρὸν
867 1998 983 2086 κακόν,

236 2128 239 2131 ·
290 2098 415 2190 ἄνδρας
430 2103 586 2188 γυναιξὶν
600 2104 838 2189 ἐξομοιοῦσθαι
853 2101 970 2191 φύσιν.

290 2201 385 2290 ἡμεῖς
398 2201 462 2293 γὰρ
478 2211 510 2272 εί
521 2203 586 2291 σὴν
600 2209 705 2272 παῖδα
721 2203 984 2292 φαρμακεύομεν
1136 2223 1189 2277 355

290 2307 347 2373 καὶ
360 2303 472 2392 νηδύν
487 2308 734 2394 ἐξαμβλούμεν,
751 2302 795 2385 ὡς
809 2304 894 2394 αύτὴ
910 2309 1011 2395 λέγει,

291 2407 423 2487 ἑκόντες
438 2404 502 2476 ούκ
516 2405 653 2489 ἄκοντες
667 2405 749 2478 ούδὲ
764 2409 885 2497 βώμιοι

290 2517 464 2591 πίτνοντες
478 2507 576 2579 αύτοὶ
589 2510 653 2598 τὴν
667 2517 768 2600 δίκην
783 2508 951 2600 ύφέξομεν

197 2633 199 2638 ’
290 2616 327 2682 ἐν
341 2629 427 2682 σοῖσι
442 2621 620 2702 γαμβροῖς,
636 2609 724 2683 οἷσιν
738 2610 801 2683 ούκ
816 2614 979 2683 ἐλάσσονα

290 2716 420 2805 βλάβην
435 2714 560 2804 ὀφείλω
576 2712 787 2806 προστιθεϊσ’
806 2713 978 2786 ἀπαιδίαν.
1134 2735 1189 2790 360

289 2815 383 2906 ἡμεῖς
396 2819 459 2906 μὲν
474 2810 538 2888 οὖν
551 2825 692 2888 τοιοίδε·
715 2826 772 2906 τῆς
787 2817 825 2886 δὲ
838 2827 899 2906 σῆς
913 2817 1039 2908 φρενὸς

290 2923 328 2989 ἕν
341 2941 404 2989 σου
419 2922 572 2989 δέδοικα·
595 2920 652 2990 διὰ
667 2927 866 3010 γυναικείαν
880 2928 953 3011 ἔριν

290 3024 347 3090 καὶ
362 3021 424 3109 τὴν
437 3021 599 3092 τάλαιναν
610 3021 738 3104 ύλεσας
748 3034 898 3113 Φρυγων
917 3027 1027 3092 πόλιν.
1121 3086 1124 3091 .

177 3133 247 3195 XO.
289 3121 376 3211 ἄγαν
390 3130 502 3206 ἔλεξας
518 3121 562 3205 ὥς
575 3125 663 3214 γυνὴ
678 3125 761 3215 πρὸς
778 3123 931 3216 ἄρσενας,

291 3235 352 3296 καί
361 3249 424 3297 σου
439 3225 476 3296 τὸ
491 3235 630 3316 σῶφρον
645 3229 853 3311 ἐξετόξευσεν
868 3229 1003 3319 φρενός.
1133 3245 1187 3302 365

175 3339 254 3400 ΜΕ.
292 3330 410 3418 γύναι,
425 3330 489 3399 τόδ
492 3327 500 3353 ’
517 3333 587 3399 ἐστὶ
602 3329 725 3418 σμικρδι
740 3335 796 3401 καὶ
813 3340 997 3420 μοναρχίας

290 3429 354 3501 ούκ
368 3429 440 3520 ἄξι’,
457 3430 501 3513 ὡς
516 3429 598 3520 φής,
615 3439 673 3519 τῆς
687 3437 766 3520 ἐμῆς
780 3431 856 3503 οὐδ’
871 3432 1039 3516 Ἑλλάδος.

291 3525 331 3603 εύ
345 3532 377 3603 δ’
394 3531 475 3621 ἴσθ’,
490 3531 570 3604 ὅτου
583 3561 633 3613 τις
647 3536 803 3623 τυγχάνει
816 3545 933 3627 χρείαν
952 3543 1049 3625 ἔχων,
