2517 3934
536 188 690 246 ΕΛΕΝΗ
1045 185 1107 248 221

101 354 235 418 ΘΕΟΚ.
251 335 279 414 ὦ
292 360 403 433 χαῖρε,
418 339 542 428 πατρός
555 337 677 429 μνῆμ’·
700 335 754 409 ἐπ’
769 338 911 420 ἐξόδοισι
926 338 991 429 γὰρ
1041 358 1108 413 1165

218 454 351 532 ἔθαψα,
366 451 527 533 Πρωτεῦ,
543 440 575 512 δ’
595 439 684 511 ἕνεκ’
700 445 779 528 ἐμῆς
792 441 1022 530 προσρήσεως·

217 545 270 617 άεὶ
284 551 323 618 δέ
334 544 366 617 σ’
387 544 483 628 ἐξιύν
497 573 532 613 τε
547 542 684 614 κείσιών
700 541 825 630 δόμους

217 649 447 736 Θεοκλύμενος
462 662 538 728 παῖς
553 644 611 715 ὅδε
625 647 855 734 προσεννέπει,
870 645 983 733 πάτερ.

217 749 313 838 ὑμεῖς
326 751 388 839 μὲν
401 740 465 818 ούν
477 749 582 829 κύνας
598 775 635 816 τε
647 750 704 816 καί
718 754 837 835 θηρῶν
850 747 1004 836 βρόχους,

217 859 342 941 δμῶες,
358 848 504 938 κομίζετ’
526 857 573 930 είς
588 849 712 938 δόμους
726 850 965 937 τυραννικούς·
1040 866 1108 921 1170

217 953 283 1043 ἐγώ
299 952 331 1023 δ’
347 951 493 1042 ἐμαυτόν
506 949 603 1022 πόλλ’
620 950 817 1039 ἐλοιδόρησα
831 949 890 1036 δή·

217 1053 258 1125 ού
273 1056 337 1145 γάρ
352 1083 383 1125 τι
396 1054 535 1146 θανάτῳ
549 1053 629 1134 τούς
644 1051 771 1132 κακούς
782 1053 973 1140 κολάζομεν.

216 1161 272 1227 καὶ
287 1164 352 1227 νῦν
365 1159 535 1245 πέπυσμαι
549 1153 699 1245 φανερόν
710 1152 878 1241 Ἑλλήνων
891 1153 967 1224 τινὰ

218 1266 266 1340 είς
279 1266 344 1347 γῆν
359 1255 502 1346 άφῖχθαι
516 1260 573 1328 καὶ
587 1259 768 1345 λεληθέναι
784 1256 940 1343 σκοπούς,

217 1357 291 1449 ἤτοι
304 1361 471 1448 κατόπτην
484 1356 505 1448 ἢ
519 1369 659 1439 κλοπαῖς
673 1359 876 1447 θηρώμενον
1040 1372 1107 1427 1175

212 1459 365 1550 Ἑλένην·
381 1473 535 1532 θανεῖται
550 1459 595 1546 δ’,
610 1459 655 1549 ἥν
666 1489 706 1549 γε
720 1460 762 1550 δὴ
778 1468 896 1550 ληφθῇ
909 1460 1025 1548 μόνον.

218 1571 271 1634 ἐν·

216 1662 305 1751 ἀλλ’,
321 1663 365 1744 ύς
379 1671 484 1751 ἔοικε,
499 1664 606 1734 πάντα
621 1665 895 1753 διαπεπραγμένα

212 1762 359 1854 ηύρηιια·
378 1766 510 1854 τύμβου
523 1763 587 1854 γάρ
602 1765 702 1845 κενὰς
716 1762 850 1834 λιπούσ’
871 1769 971 1856 ἐδρας

219 1865 239 1954 ἡ
259 1869 426 1956 Τυνδαρίς
440 1883 517 1947 παῖς
532 1867 823 1955 ἐκπεπόρθμευται
838 1868 970 1953 χθονός.

218 1966 285 2056 ὠή,
299 1976 419 2056 χαλᾶτε
432 1977 582 2058 κλῇθρα·
601 1965 701 2038 λύεθ’
718 1958 856 2048 ίππικάς

218 2071 361 2157 φάτνας,
376 2068 514 2155 όπαδοί,
528 2067 745 2157 κάκκομίζεθ’
762 2067 901 2158 ἅρματα,

218 2169 262 2250 τός
277 2167 319 2240 άν
333 2172 441 2241 πόνου
457 2169 490 2258 γ’
508 2175 598 2241 ἕκατι
613 2170 657 2261 μὴ
672 2171 761 2260 λάθη
774 2199 816 2259 με
828 2178 889 2258 γῆς

217 2270 313 2359 τῆσδ’
331 2271 558 2361 ἐκκομισθεῖσ’
576 2272 711 2361 ἄλοχος,
723 2264 763 2361 ἧς
777 2277 920 2362 ἐφίεμαι.

217 2372 379 2462 ἐπίσχετ’·
396 2381 514 2463 εἰσορῶ
529 2373 593 2465 γάρ
609 2372 669 2456 ούς
683 2373 850 2463 διώκομεν

217 2477 384 2564 παρόντας
398 2480 435 2546 ἐν
449 2477 580 2564 δόμοισι
594 2474 657 2548 κού
671 2477 891 2566 πεφευγότας.

174 2647 177 2652 ,
216 2573 319 2665 αύτη,
334 2585 370 2646 τί
382 2581 530 2660 πέπλους
545 2583 689 2666 μέλανας
703 2579 811 2666 ἐξήψω
824 2577 923 2667 χροός

217 2686 350 2748 λευκῶν
364 2676 523 2767 άμείψασ’
539 2689 576 2750 ἐκ
590 2709 625 2750 τε
639 2680 760 2767 κρατός
778 2676 938 2767 εύγενούς

216 2779 319 2868 κόμας
333 2787 473 2868 σίδηρον
487 2779 668 2870 ἐμβαλοῦσ’
685 2779 870 2869 ἀπέθρισας

215 2890 356 2969 χλωροῖς
370 2910 405 2951 τε
418 2885 545 2969 τέγγεις
559 2883 702 2971 δάκρυσι
715 2880 779 2971 σὴν
793 2890 941 2972 παρηίδα

216 2990 394 3064 κλαίουσα;
408 2979 552 3071 πότερον
566 2985 718 3072 ἐννύχοις
732 2990 926 3074 σε’σεισμένη

219 3085 345 3166 στένεις
360 3081 522 3172 όνείροις,
538 3080 561 3173 ἢ
575 3087 677 3174 φάτιν
693 3082 760 3156 τιν’
777 3097 916 3157 οίκοθεν

216 3184 367 3256 κλύουσα
381 3185 471 3274 λύπη
485 3184 545 3267 σάς
559 3191 767 3276 διέφθαρσαι
780 3192 920 3275 φρένας;

104 3293 170 3358 ΕΔ.
213 3277 241 3354 ω’
256 3285 404 3374 δέσποτ’,
418 3284 485 3375 ἤδη
499 3287 563 3376 γάρ
578 3287 650 3358 τόδ’
666 3286 816 3377 όνομάζω
831 3287 863 3357 σ’
880 3297 968 3375 ἐπος,

217 3384 343 3457 όλωλα·
358 3395 493 3477 φρούδα
507 3388 593 3479 τάμδι
606 3389 731 3461 κούδέν
746 3389 810 3479 εἰμ’
827 3398 885 3460 ἐτι.

101 3496 234 3558 ΘΕΟΚ.
252 3492 289 3558 ἐν
302 3497 348 3582 τῷ
362 3492 400 3560 δέ
413 3507 521 3560 κεῖσαι
534 3502 727 3583 συμφορᾶς;
742 3500 791 3571 τίς
808 3489 828 3579 ἡ
842 3492 942 3580 τύχη;
