2517 3934
219 191 243 242 Ia
304 191 355 240 DE
374 188 570 241 CODIOIBVS
588 189 801 241 EVRIPIDEIS
818 191 867 242 ΕΤ
886 188 1124 243 EDITIONIBVS

219 344 350 403 iecturae
385 348 535 401 auctorem
570 341 742 400 memoravi.
793 359 827 402 ac
853 341 998 422 siquando
1025 343 1099 404 mihi
1131 346 1208 404 acci·

220 425 309 494 derit,
334 425 411 502 quod
434 443 503 487 raro
527 425 672 488 accidisse
687 423 827 494 arbitror,
849 433 883 484 ut
897 424 1009 487 alienas
1024 430 1208 488 coniecturas

219 517 358 587 tanquam
380 528 461 570 meas
476 510 653 587 proferrem,
678 526 765 586 quam
780 511 890 569 invitus
905 510 972 572 aliis
985 511 1043 572 leci
1058 513 1207 581 iniuriam.

221 613 284 655 eam
307 600 443 673 prompto
465 596 565 654 animo
588 601 617 654 et
640 592 755 654 lubenti
778 593 915 672 expiabo.

283 677 355 738 Cum
388 677 458 737 inde
486 677 522 737 ab
551 694 577 736 a.
608 680 704 745 1857,
738 695 798 757 quo
826 694 904 738 anno
936 677 1028 739 altera
1056 678 1208 757 Euripidis

220 762 312 824 editio
340 779 405 822 mea
433 760 558 840 prodiit,
588 763 757 823 criticorum
785 779 875 840 opera
904 761 1073 840 Euripideis
1099 762 1209 824 fabulis

219 865 279 906 non
302 845 430 905 deluerit
445 853 533 924 atque
555 864 621 906 cum
637 847 702 924 ipse
724 864 778 924 per
793 845 848 904 hos
870 863 964 906 annos
980 848 1101 924 tragicis
1116 849 1207 907 Grae-

220 931 263 990 cis
284 929 436 991 assiduum
459 936 489 988 et
510 930 657 990 intentum
672 930 800 990 studium
823 929 1034 1008 impenderim,
1058 930 1127 991 fieri
1149 950 1208 991 non

220 1017 317 1092 potuit
343 1015 414 1092 quin
441 1012 580 1092 plurimis
611 1011 686 1073 locis
712 1031 729 1072 a
755 1015 879 1091 pristina
915 1015 1060 1092 scriptura
1089 1017 1121 1073 in
1154 1015 1209 1076 hac

219 1100 308 1158 tertia
331 1097 461 1158 editione
484 1096 680 1158 discederem.
702 1096 837 1174 gaudebo
859 1096 997 1174 equidem
1020 1100 1045 1158 si
1068 1099 1207 1158 emenda·

220 1188 312 1243 tiores
334 1190 364 1242 et
385 1184 530 1260 genuinae
559 1183 673 1243 formae
695 1183 856 1241 similiores
878 1183 992 1258 egregii
1019 1189 1125 1259 poetae
1148 1191 1207 1242 tra-

219 1267 339 1344 goedias
361 1285 378 1327 a
400 1265 485 1326 nobis
513 1269 682 1344 propositas
703 1284 769 1326 esse
796 1265 956 1326 iudicarint
977 1265 1115 1326 homines
1139 1284 1208 1325 vere

218 1351 361 1431 philologi
390 1359 418 1410 et
446 1369 462 1410 a
490 1350 590 1410 servili
616 1351 829 1428 superstitione
862 1347 963 1410 alieni.
1008 1355 1037 1409 at
1069 1349 1207 1409 omuibus

220 1436 336 1513 placere
359 1452 446 1494 nemo
469 1436 592 1511 poterit,
621 1451 717 1511 neque
740 1433 871 1511 imperiti
893 1432 972 1510 vulgi
1000 1435 1132 1494 favorem
1155 1453 1206 1495 au·

220 1518 376 1598 cupabitur
397 1520 422 1577 is
445 1517 496 1595 qui
518 1517 568 1576 uni
590 1516 738 1576 studuerit
760 1518 886 1577 veritati.

303 1650 477 1714 Scribebam
499 1649 650 1731 Petropoli
671 1668 773 1711 mense
797 1649 954 1712 Decembri
975 1669 1001 1712 a.
1029 1647 1122 1714 1870.

1240 1604 1243 1683 l
