2517 3934
463 197 687 256 mmm*

194 382 309 448 κακοῖς
322 365 478 436 ἐλαύνειν
497 362 738 458 άργυρωνητον
753 371 872 452 σε’θενς

194 467 259 539 οὐκ
277 467 378 539 οἶσθα
394 469 565 537 Θεσσαλόν
578 497 619 557 με
634 467 721 539 κάπὸ
736 477 909 540 Θεσσαλοῦ

195 569 320 661 πατρὸς
333 577 464 658 γεγῶτα
480 578 623 658 γνησίως
643 571 845 662 ἐλεύθερον;

190 670 278 761 άγαυ
293 669 456 760 ὑβρίζεις,
471 675 527 741 καὶ
541 679 677 753 νεανίας
690 673 811 761 λόγους

193 778 322 865 ῥίπτων
335 777 368 853 ἐς
382 770 467 861 ἡμᾶς
480 772 522 842 οὐ
539 772 654 861 βαλών
668 771 775 855 οὕτως
792 772 879 845 άπει.
1031 791 1082 847 680

193 875 259 964 ἐγω
276 878 316 945 δέ
328 871 355 944 σ’
372 885 476 944 οίκωυ
490 875 657 964 δεσπότην
670 877 849 965 ἐγεινάμην

193 973 348 1066 κάθρεηί,
364 974 490 1064 ὀφείλω
505 975 538 1046 δ’
556 974 618 1065 οὐχ
630 975 882 1066 δπερθνήσκειν
895 981 1013 1048 σέθεν·

193 1077 235 1149 οά
250 1079 314 1170 γάρ
328 1071 485 1170 πατρῷον
498 1077 590 1149 τόνδ’
607 1080 769 1168 ἐδεξάμην
781 1077 898 1168 νόμον,

193 1186 326 1250 παίδων
340 1179 570 1269 προθνήσκειυ
584 1184 744 1271 πατέρας,
761 1177 836 1251 οὐδ’
849 1179 1052 1271 Ἐλληνικόνζ

193 1290 308 1376 σαυτῷ
321 1281 385 1371 γάρ
402 1293 468 1351 είτε
482 1282 649 1371 δυστυχὴς
663 1278 717 1351 εἴτ’
737 1279 878 1371 εὐτυχὴς
1031 1299 1081 1354 685

194 1391 295 1471 ἐφυς·
311 1381 333 1452 δι’
347 1381 379 1452 δ’
396 1381 491 1472 ἡμῶν
503 1392 588 1474 χρῆν
601 1406 640 1453 σε
652 1386 840 1472 τυγχάνειν,
856 1392 949 1472 ἐχεις.

193 1494 329 1556 πολλῶν
342 1486 404 1574 μὲν
418 1485 546 1575 άρχεις,
561 1489 819 1576 πολυπλέθρους
838 1489 877 1556 δέ
888 1508 940 1556 σοι
954 1484 1037 1575 γάας

193 1595 316 1669 λείψω·
340 1587 464 1677 πατρὸς
479 1587 544 1677 γὰρ
559 1585 647 1657 ταῦτ’
664 1589 825 1676 ἐδεξάμην
839 1588 937 1678 πάρα.

191 1696 227 1758 τί
238 1690 323 1778 δῆτά
336 1687 369 1758 σ’
386 1687 547 1778 ἠδίκηκας
561 1697 623 1759 τοῦ
637 1686 670 1759 σ’
687 1687 878 1778 άποστερω;

191 1790 236 1879 μὴ
265 1788 381 1879 θνῇσχ’
411 1789 502 1890 ὑπὲρ.
523 1789 618 1861 τοῦδ’
648 1789 787 1880 άνδρός,
821 1789 897 1861 οὐδ’
926 1790 991 1878 ἐγω
1016 1791 1080 1878 πρὸ

533 1901 606 1962 σοῦ.
1030 1908 1080 1963 69⁰

190 2001 318 2083 χαίρεις
332 1991 422 2082 ὁρῶν
437 2001 524 2082 φώς·
540 1997 666 2085 πατέρα
681 1992 713 2065 δ’
731 1993 772 2063 οὐ
787 2003 917 2084 χαίρειν
931 2000 1059 2077 δοκεῖς;

191 2088 296 2186 ἤμην
315 2096 423 2165 πολάν
437 2124 475 2184 γε
489 2094 549 2165 τὸν
564 2097 653 2166 κάτω
669 2104 839 2185 λογίζομαι

191 2199 332 2287 χρόνον,
347 2197 384 2267 τδ
400 2199 438 2267 δέ
451 2205 509 2288 ζῆν
522 2200 661 2288 μικρόν,
677 2195 744 2268 ἄλλ’
762 2195 850 2286 ὅμως
865 2197 982 2286 γλυκύ.
1107 2279 1109 2284 ¹

191 2299 236 2370 σδ
251 2307 338 2388 γοῦν
352 2296 498 2380 άναιδῶς
512 2298 673 2389 διεμάχου
687 2300 724 2370 τὸ
739 2299 783 2388 μὴ
797 2312 930 2386 θανεῖν,

191 2405 248 2472 καλ
261 2409 318 2492 ζῇς
331 2402 514 2492 παρελθών
528 2402 590 2492 την
608 2405 831 2491 πεπρωμένην
844 2403 958 2490 τύχην,
1030 2417 1081 2472 695

191 2504 318 2591 ταύτην
336 2505 514 2584 κατακτάς·
532 2501 592 2595 εἶτ’
608 2504 692 2592 ἐμὴν
706 2501 854 2591 άψυχίαν

193 2609 320 2694 λέγεις,
340 2605 500 2693 γυναικὸς
519 2598 691 2676 θεάσασθ’
708 2603 904 2695 ἡσσημένος,

189 2704 213 2796 ἢ
226 2716 288 2777 τοῦ
302 2715 408 2777 καλοῦ
422 2716 486 2778 σοῦ
501 2710 699 2797 προύθανεν
713 2713 871 2789 νεανίου;

192 2816 307 2896 σοφοῖς
321 2806 354 2878 δ’
370 2813 512 2900 ἐφηῦρες
526 2806 610 2880 ὥστε
625 2808 670 2898 μὴ
685 2821 807 2879 θανεῖν
822 2834 912 2895 ποτε,

192 2918 224 2981 εί
235 2910 297 2999 τὴν
312 2921 488 3001 παροῦσαν
504 2923 688 2982 κατθανεῖν
703 2918 829 2991 πείσεις
843 2907 896 2980 άεὶ
1031 2921 1081 2976 700

190 3010 319 3102 γυναῖχ’
334 3010 420 3103 ὑπὲρ
434 3022 513 3083 σοῦ·
528 3005 595 3105 κᾷτ’
613 3011 787 3097 ὀνειδίζεις
801 3020 911 3101 φίλοις

189 3131 260 3195 τοῖς
274 3115 319 3204 μὴ
334 3118 474 3186 θέλουσι
490 3122 576 3204 δρᾶν
590 3113 676 3203 τάδ’,
691 3114 792 3196 αὐτὸς
807 3111 855 3185 οἷν
869 3110 989 3192 κακόςς

189 3225 285 3305 σίγα·
301 3217 413 3305 νόμιζε
427 3215 473 3304 δ’,
490 3224 521 3286 εί
532 3215 575 3286 σύ
594 3216 655 3304 τὴν
670 3225 797 3287 σαυτοῦ
812 3226 921 3305 φιλεῖς

189 3321 319 3408 ψυχήν,
336 3328 450 3406 φιλεῖν
464 3317 628 3398 ἅπαντας·
647 3327 678 3389 εἰ
690 3317 724 3390 δ’
741 3317 825 3408 ἡμᾶς
843 3321 954 3394 κακῶς
1004 3335 1006 3338 ’

189 3424 294 3510 ἐρεῖς,
310 3418 448 3491 άιιοάσει
463 3419 570 3492 πολλὰ
584 3419 648 3490 κού
662 3427 772 3508 ψευδῆ
787 3420 883 3489 κακά.
1030 3425 1080 3481 ⁷⁰⁵

64 3531 143 3596 XO.
187 3530 292 3594 πλείω
308 3525 458 3593 λέλεκται
471 3530 537 3593 νῦν
551 3550 586 3590 τε
600 3525 656 3592 καὶ
670 3521 710 3592 τά
724 3524 805 3610 πρὶν
819 3519 919 3589 κακά·
