2517 3934
485 186 684 245 ΗΛΕΚΤΡΑ

196 364 299 427 πᾶσιν
312 351 346 424 δ’
362 357 400 424 ἐν
411 350 611 446 Ἀργείοισιν
623 352 744 443 ῆκουες
757 357 853 426 τάδε·
1031 376 1085 431 930

194 455 213 528 δ
227 464 284 546 τῆς
297 457 474 546 γυναικός,
490 455 566 545 οόχὶ
580 456 723 546 τάνδρὸς
737 455 757 546 ῆ
772 458 870 547 γυνή.

196 567 305 630 καίτοι
320 557 393 627 τόδ’
411 560 564 647 αἰσχρόν,
580 576 778 646 προστατεῖν
791 589 830 649 γε
844 561 1006 649 δωμάτων

195 677 356 751 γυναῖκα,
371 664 416 748 μῆ
430 658 490 729 τὸν
505 658 628 751 ἄνδρα·
644 660 822 743 κάκείνους
836 671 948 751 στυγῶ

196 761 274 843 τοὺς
288 767 425 849 παῖδας,
441 759 530 843 ὅστις
544 771 604 832 τοῦ
619 763 682 851 μὲν
696 761 836 852 ἄρσενος
850 764 973 853 πατρὸς

196 862 258 935 οὐκ
273 861 481 952 ὠνόμασται,
499 872 557 954 τῆς
570 864 608 934 δέ
621 864 745 954 μῃτρὸς
759 869 797 935 ἐν
809 867 915 936 πόλει.
1031 886 1084 940 935

196 972 339 1055 ἐπίσημα
351 963 415 1055 γὰρ
430 966 572 1055 γήμαντι
586 970 644 1036 καὶ
656 974 755 1056 μείζω
768 972 846 1056 λέχῃ

195 1066 337 1156 τάνδρὸς
350 1069 413 1156 μὲν
427 1064 555 1155 οὐδείς,
570 1076 638 1137 τῶν
652 1069 689 1138 δέ
703 1077 852 1158 θηλειῶν
865 1071 971 1159 λόγος.

195 1168 214 1240 δ
230 1168 262 1239 δ’
278 1169 388 1258 ἠπάτα
402 1192 440 1239 σε
453 1179 610 1240 πλεῖστον
624 1168 687 1240 οόκ
701 1171 881 1259 ἐγνωκότα,

195 1269 308 1361 ηὔχεις
321 1298 370 1353 τις
385 1272 471 1342 εἶναι
485 1290 570 1342 τοῖσι
583 1273 726 1363 χρήμασι
741 1276 893 1343 σδένων·

195 1374 235 1444 τὰ
249 1372 281 1444 δ’
299 1371 402 1444 οὐδὲν
416 1382 448 1444 εί
461 1372 506 1462 μῆ
520 1372 652 1463 βραχύν
666 1370 821 1462 ὁμιλῆσαι
834 1374 966 1465 χρόνον.
1031 1391 1086 1446 940

196 1474 217 1565 ῆ
232 1474 296 1565 γὰρ
312 1477 412 1563 φόσις
425 1480 573 1565 βέβαιος,
589 1473 630 1545 οὐ
645 1474 686 1546 τὰ
698 1477 857 1565 χρήματα.

195 1578 217 1666 ῆ
231 1577 370 1669 μὲνγὰρ
384 1576 437 1648 ἀεὶ
451 1576 679 1669 παραμένονσ’
694 1590 782 1669 αίρει
797 1579 900 1649 κακά·

197 1677 213 1749 δ
229 1678 261 1749 δ’
278 1678 376 1769 ὄλβος
391 1678 515 1761 ἀδίκως
528 1682 584 1749 καὶ
598 1679 680 1768 μετὰ
695 1689 823 1751 σκαιῶν
837 1678 949 1765 ξυνὼν

195 1781 342 1865 ἐξέπτατ’
359 1792 479 1870 οἴκων,
495 1780 638 1872 σμικρὸν
652 1780 802 1871 ἀνθήσας
816 1784 950 1872 χρόνον.

195 1880 235 1952 τό
244 1886 276 1957 δ’
286 1891 333 1965 είς
346 1900 524 1973 γυναῖκας,
540 1888 702 1976 παρθένῳ
716 1884 781 1973 γὰρ
799 1883 841 1954 οό
855 1883 960 1954 καλὸν
1030 1902 1084 1956 945

195 1988 323 2074 λέγειν,
339 1994 471 2074 σιωπῶ,
486 1994 663 2076 γνωρίμως
679 1982 713 2055 δ’
729 1990 903 2075 αίυίξομαι.

195 2084 343 2177 ὕβριζες,
359 2085 404 2169 ὦς
418 2087 460 2176 δῆ
475 2086 669 2177 βασιλικοός
683 2094 768 2175 ἔχων
782 2088 906 2176 δόμους

196 2190 309 2259 κάλλει
323 2187 352 2260 τ’
369 2188 511 2280 ἀραρώς.
529 2187 602 2259 ἄλλ’
620 2188 728 2277 ἔμοιγ’
745 2200 796 2277 είῃ
810 2186 906 2270 πόσις

194 2291 239 2380 μῆ
254 2294 493 2383 παρθενωπός,
512 2289 597 2361 ἀλλὰ
610 2289 791 2382 τάνδρείου
803 2292 941 2378 τρόπον.

196 2392 235 2463 τὰ
249 2392 314 2484 γὰρ
327 2392 419 2465 τέκν’
436 2391 550 2464 αὐτῶν
560 2391 679 2483 Ἀρεος
692 2394 966 2485 ἐκκρεμάννυται,
1031 2410 1085 2465 95⁰

196 2494 237 2565 τὰ
251 2494 284 2565 δ’
305 2493 457 2588 εὐπρεπῆ
471 2496 513 2585 δῆ
528 2495 650 2584 κόσμος
664 2499 701 2566 ἐν
714 2512 824 2585 χοροῖς
837 2496 952 2584 μόνον.

197 2594 281 2689 ἔρρ’,
298 2596 401 2669 οὐδὲν
416 2598 514 2679 είδώς
528 2588 577 2668 οἷν
590 2601 790 2689 ἐφευρεθεὶς
803 2599 914 2690 χρόνῳ

195 2707 294 2788 δίκην
309 2704 468 2782 δέδωκας.
484 2697 568 2769 ὥστε
595 2728 644 2783 τις
658 2708 845 2789 κακοῦργος
858 2695 907 2768 τόν

194 2803 240 2890 μῆ
254 2830 327 2890 μοι,
343 2801 380 2873 τὸ
395 2810 529 2892 πρῶτον
542 2802 623 2891 βῆμ’
641 2800 700 2873 ἐὰν
715 2803 825 2893 δράμῃ
839 2810 958 2889 καλῶς,

194 2912 294 2974 νικᾶν
308 2911 448 2975 δοκείτω
463 2903 525 2993 τῆν
541 2911 658 2994 δίκην,
673 2907 755 2993 πρὶν
770 2901 813 2973 ἂν
825 2908 918 2985 τέλος
1032 2919 1084 2974 955

196 3014 349 3096 γραμμῆς
363 3013 474 3096 ἵκηται
490 3010 547 3077 καί
563 3007 659 3087 τέλος
676 3008 791 3097 κάμψῃ
804 3015 893 3095 βίον.

79 3116 151 3177 XO.
195 3112 314 3195 ἔπραξε
329 3110 441 3197 δεινά,
457 3109 552 3179 δεινὰ
569 3106 601 3178 δ’
618 3107 786 3179 ιἰντέδωκε
801 3113 855 3179 σοὶ

197 3212 253 3278 καλ
268 3208 360 3303 τῷδ’·
378 3218 444 3299 ἔχει
458 3210 522 3301 γὰρ
538 3208 661 3300 ῆΔίκη
675 3215 759 3300 μέγα
774 3214 905 3293 σθένος.

80 3320 147 3379 ΟΡ.
194 3310 278 3381 εἷεν·
294 3321 440 3401 κομίζειν
454 3319 555 3384 τοῦδε
569 3314 655 3403 σῶμ’
672 3324 750 3383 είσω
764 3313 874 3403 χρεων

196 3414 304 3506 σκότςο
318 3442 354 3484 τε
368 3412 505 3502 δοῦναι,
522 3422 647 3504 δμῶες,
664 3413 708 3496 οδς
722 3414 803 3487 όταν
817 3416 902 3506 μόλῃ
1032 3428 1086 3484 960

195 3516 320 3605 μῆτῃρ,
335 3525 466 3606 σφαγῆς
480 3517 625 3607 πάροιθε
639 3516 684 3606 μῆ
700 3522 809 3607 εἰσίδῃ
822 3516 955 3605 νεκρόν.
