2517 3934
172 169 233 233 168
602 170 751 228 ΕΚΑΒΗ

282 336 423 428 Ἑκάβη,
440 337 502 408 σὸν
516 335 580 407 οῦκ
595 345 737 407 ἔλασσον
750 334 772 426 ἢ
785 345 900 427 κείνης
913 339 1017 430 χρέος,

287 444 344 511 καὶ
360 448 497 521 παῖδας·
521 437 565 521 ῦς
580 445 635 509 δεῖ
648 442 705 508 καὶ
718 438 808 510 τέκν’
827 444 952 511 είδίναι
967 442 1086 531 λόγους

287 542 366 625 τοὺς
380 548 412 627 ἐξ
429 548 568 630 ἐκείνης.
588 541 649 611 τόν
662 543 700 612 δὲ
712 549 772 629 τῆς
784 551 1005 632 νεοσφαγοῦς

287 648 480 733 Πολυξένης
494 649 642 731 ἐπίσχες,
654 641 878 732 Ἀγάμεμνον,
892 645 1010 732 τάφον,
1122 660 1167 714 805

289 745 333 829 ὥς
347 746 428 818 τάδ’
447 744 583 834 άδελφώ
600 754 743 834 πλησίον
755 755 815 838 μιᾷ
828 755 943 836 φλογί,
1031 759 1036 776 “

287 849 385 937 δισσὴ
400 853 544 939 μέριμνα
557 856 674 938 μητρί,
689 857 894 938 κρυφθῆτον
906 856 1017 936 χθονί.

172 1019 173 1022 ,
236 1017 239 1022 ,
287 959 378 1022 ἔσται
391 949 465 1020 τάδ’
483 948 588 1020 οῦτοι·
607 949 744 1039 καὶγὰρ
760 958 792 1019 εί
803 952 866 1039 μὲν
878 942 921 1040 ἦν
935 958 1062 1043 στρατῷ

289 1061 411 1142 πλοῦς,
428 1051 491 1122 οῦκ
506 1048 549 1121 άν
564 1052 654 1140 εἶχον
669 1053 770 1141 τήνδε
784 1075 838 1123 σοι
852 1059 973 1123 δοῦναι
987 1053 1098 1143 χάριν·

288 1164 355 1226 νῦν
368 1153 415 1243 δ’,
431 1152 472 1225 οῦ
487 1154 550 1243 γάρ
567 1152 635 1242 ἵησ’
653 1151 770 1242 οὐρίας
786 1151 895 1231 πνοάς
911 1153 1004 1238 θεός,
1123 1169 1167 1222 000

289 1261 403 1347 μένειν
418 1255 547 1345 ἀνάγκη
562 1263 673 1326 πλοῦν
687 1254 836 1345 ὁρῶντας
849 1254 985 1346 ἥσυχον.

292 1363 421 1447 γίνοιτο
436 1356 469 1428 δ’
487 1349 527 1427 εῦ
541 1381 625 1438 πως·
645 1367 726 1427 πάσι
739 1358 804 1448 γάρ
818 1359 937 1429 κοινόν
950 1361 1029 1429 τόδε

290 1467 360 1552 ίδίρι
374 1458 412 1530 θ’
431 1461 557 1552 ἑκάστῳ
571 1462 629 1529 καὶ
642 1461 755 1548 πόλει,
769 1459 830 1530 τὸν
842 1462 905 1550 μὲν
918 1461 1024 1532 κακόν

288 1563 395 1633 κακόν
408 1591 440 1631 τι
454 1561 611 1650 πάσχειν,
627 1562 687 1632 τὸν
702 1563 740 1633 δὲ
753 1563 899 1652 χρηστόν
913 1562 1077 1652 εῦτνχεῑν.

240 1724 244 1734 .
289 1663 333 1734 σῦ
347 1666 410 1752 μὲν
426 1655 453 1732 ιό
467 1667 586 1754 πατρὶς
595 1662 702 1752 Ἰλιάς,
1041 1689 1108 1756 στρ.
1124 1680 1167 1735 000
1234 1610 1236 1733 1

289 1774 357 1836 τῦν
372 1765 578 1856 ἀπορθήτων
592 1767 689 1848 πόλις
705 1764 819 1838 οῦκέτι
833 1772 936 1852 λέξει·
1235 1776 1237 1879 χ

291 1885 383 1938 τοῖον
393 1864 561 1938 Ἑλλάνων
576 1872 680 1958 νέφος
694 1867 785 1958 άμφί
795 1892 833 1940 σε
847 1871 989 1960 κρῦπτει

289 1973 365 2060 δορὶ
378 1970 421 2059 δὴ
436 1973 511 2061 δορὶ
525 1975 663 2062 πέρσαν.

289 2068 354 2142 άπὸ
371 2073 408 2142 δὲ
422 2074 596 2161 στεφάναν
610 2075 772 2162 κε’καρσαι

291 2174 448 2262 πύργων,
463 2173 548 2244 κατά
563 2174 595 2244 δ’
612 2176 760 2246 αἰθάλου

289 2272 398 2364 κηλῑδ’
416 2277 633 2365 οίκτροτάταν
648 2280 824 2369 κέχρωσαι,

291 2375 433 2464 τάλαιν’,
449 2376 563 2448 οῦκίτι
578 2376 609 2448 σ’
627 2379 831 2468 ἐμβατεῦσαι.

291 2481 507 2569 μεσονύκτιος
522 2478 692 2569 άλλῦμαν,
773 2521 781 2528 -
1043 2476 1111 2551 άντ.

289 2577 372 2672 ἦμος
385 2587 421 2652 ἐκ
435 2588 584 2653 δείπνων
599 2580 706 2665 ῦπνος
720 2581 805 2673 ἡδῦς
820 2580 874 2654 ἐπ’
891 2581 1004 2663 ὄσσοις
1126 2596 1167 2652 015

289 2692 477 2773 σκίδναται,
495 2690 627 2774 μολπάν
644 2681 679 2754 δ’
698 2686 763 2756 ῦπο
780 2690 836 2756 καὶ
853 2688 1033 2780 χαροποιδν

290 2793 419 2855 θυσίαν
433 2786 648 2866 καταπαύσας

292 2887 387 2966 πόσις
401 2890 438 2954 ἐν
452 2888 617 2974 θαλάμοις
633 2895 750 2973 ἔκειτο,

291 2986 413 3072 ξυστὸν
427 2984 458 3054 δ’
476 2991 530 3057 ἐπὶ
545 2991 714 3082 πασσάλῳ,

290 3087 419 3160 ναῦταν
433 3085 555 3157 οὐκέθ’
573 3086 665 3180 δρῦν
680 3088 799 3180 όμιλον

296 3197 421 3281 Τροίαν
431 3187 543 3260 'naid’
561 3195 742 3281 ἐμβεβῶτα.

291 3291 357 3383 ίγῦ
373 3294 411 3362 δὲ
425 3294 598 3382 πλόκαμον
612 3291 786 3376 άναδέτοις

494 3411 546 3464 905
555 3412 757 3466 -913τ--914
766 3439 803 3449 -
812 3414 865 3467 922

488 3511 540 3566 923
547 3539 585 3548 -
594 3513 646 3567 932
655 3527 698 3553 ’Ξ
705 3512 757 3566 933
766 3539 803 3549 -
812 3515 864 3568 942
