2517 3934
182 194 226 257 3⁴
580 193 804 253 ΑΛΚΗΣΤΙΣ

302 363 392 455 ὅμως
411 366 450 436 δὲ
479 374 554 434 ΑΔ.
571 371 639 451 φεῦ
654 367 732 450 φεῦ.
764 369 835 430 XO.
857 354 969 428 τλάθ’·
984 354 1027 427 σά
1042 354 1087 428 σύ
1102 369 1200 449 πρῶ-

643 492 699 545 τος
718 458 845 543 ὤλεσας

186 584 260 644 ΑΔ.
302 571 342 641 ίω’
356 578 415 659 μοί
425 597 492 659 μοι.
526 576 598 637 XO.
642 579 805 657 γυναῖκα·
826 560 985 653 συμφορά
1005 558 1038 631 δ’
1063 563 1200 653 ἑτέρους

647 670 743 756 ἑτέρα

303 778 406 859 πιέζει
420 788 565 862 φανεῖσα
577 779 726 842 θνατῶν.

188 892 262 952 ΑΔ.
303 870 331 946 03
344 875 455 967 μακρά
468 878 579 964 πένθη
593 881 701 945 λῦπαί
711 899 747 942 τε
761 879 873 960 φίλων
1146 883 1198 938 895

305 987 373 1049 τῶν
387 975 455 1049 ὑπὸ
469 992 581 1067 μαῖαν.

303 1091 339 1152 τί
349 1078 379 1170 μ’
398 1081 568 1161 ἐκάλυσας
581 1081 678 1168 ῥίψαι
693 1077 823 1166 τύμβον

305 1185 437 1275 τάφρον
452 1190 499 1264 είς
514 1189 634 1270 κοίλην
647 1181 704 1249 καλ
718 1175 784 1267 μετ’
801 1181 931 1265 ἐκείνης

302 1296 360 1377 τῆς
375 1284 443 1376 μέγ’
461 1284 598 1376 ἀρίστης
610 1292 747 1352 κεῖσθαι
763 1286 953 1370 φθίμενον;

304 1390 367 1460 δάο
382 1387 414 1458 δ’
433 1386 508 1458 ἀντὶ
523 1382 722 1476 μιᾶςἍιδης
736 1382 845 1471 ψυχάς
1146 1394 1198 1449 900

303 1490 361 1572 τὰς
375 1489 571 1571 πιστοτάτας
585 1485 653 1558 σὺν
666 1482 709 1556 άν
726 1494 838 1574 ἔσχεν,
854 1481 939 1572 ὁμοῦ

303 1600 449 1682 χθονίαν
464 1598 586 1680 λίμνην
601 1589 771 1678 διαβάντι.

253 1752 261 1767 .
304 1702 379 1784 ἐμοί
388 1724 437 1775 τις
451 1685 494 1782 ἦν
1074 1708 1145 1774 στρ.

305 1803 343 1868 ἐν
356 1801 463 1887 μένει,
480 1787 620 1888 ςόκόρος
638 1791 841 1882 άξιόθρηνος

306 1897 403 1970 ὤλετ’
422 1903 459 1969 ἐν
474 1899 628 1986 δόμοισιν
1146 1905 1197 1960 905

304 2004 482 2092 μονόπαις·
504 1995 573 2069 ἀλλ’
591 2005 696 2086 ἔμπας

306 2114 407 2198 ἔφερε
421 2101 527 2174 κακὸν
541 2099 630 2188 άλις,
646 2095 783 2180 άτεκνος
798 2094 858 2183 άλν,

306 2206 424 2286 πολιάς
437 2208 491 2275 ἐπὶ
504 2211 618 2292 χαίτας

305 2308 372 2398 ἤδη
386 2306 553 2398 προπετὴς
568 2301 616 2374 οδν

305 2412 422 2502 βιότου
435 2437 471 2480 τε
484 2408 608 2498 πόρσω.

258 2570 265 2584 .
306 2507 334 2583 ὦ
347 2520 456 2602 σχῆμα
470 2511 603 2600 δόμων,
618 2513 689 2584 πῶς
703 2507 865 2588 εἰσέλθως

307 2625 378 2697 πῶς
392 2613 424 2686 δ’
441 2614 565 2702 οἰκήσω
580 2615 843 2701 μεταπίπτοντος

306 2727 482 2809 δαίμονος;
498 2726 597 2804 οίμοι.
625 2710 713 2784 πολὺ
727 2709 792 2799 γάρ
806 2707 844 2779 τὸ
858 2710 976 2797 μέσον·

306 2824 380 2892 τότε
393 2822 455 2910 μὲν
468 2818 608 2897 πεύκαις
620 2813 688 2886 σὺν
700 2811 868 2900 Πηλιάσιν

307 2921 373 2994 σόν
400 2919 433 2991 θ’
450 2917 625 3007 ὑμεναίοις
640 2924 788 3003 ἔστειχον
803 2915 879 3002 ἔσω,

309 3033 423 3114 φιλίας
437 3019 561 3109 ἀλόχου
574 3023 653 3110 χέρα
668 3017 854 3108 βαστάζων·

308 3125 516 3213 πολνάχητος
535 3118 568 3192 δ’
586 3127 695 3192 εἵπετο
709 3127 829 3207 κῶμος,

308 3230 370 3318 τήν
381 3256 418 3299 τε
431 3232 610 3296 θανοῦσαν
623 3220 696 3311 κάμ’
716 3219 868 3309 ὀλβίζων,

311 3329 355 3412 ὦς
370 3329 570 3418 εὐπατρίδαι
586 3328 643 3395 καλ
658 3322 709 3393 ἄπ’
730 3321 930 3411 άμφοτέρων

310 3431 405 3513 ὄντες
419 3429 583 3522 άριστέων
599 3427 738 3512 σύζνγες
763 3423 860 3510 ἦμεν.

536 3546 589 3600 903
597 3570 633 3578 -
645 3541 802 3597 9105926
811 3565 848 3574 -·
857 3538 908 3594 934
