2517 3934
161 180 204 246 ⁷0

514 177 791 241 ANAPOMAXH

275 365 344 432 τοῖς
358 346 585 441 Σπαρτιάταις
598 348 679 430 δόξα
692 349 748 418 καὶ
762 345 865 436 μάχης
879 342 984 436 άγιόυ,
1115 365 1164 420 ⁷2⁵

275 449 370 522 πάλλ’
387 448 481 533 ὄντες
495 461 565 521 ἐστε
578 448 722 540 μηδενός
736 456 915 538 βελτίονες.

162 562 233 626 XO
275 552 453 645 ἀνειμένον
465 582 497 624 τι
510 560 620 643 χρῆμα
634 558 834 642 πρεσβυτῶν
847 556 945 640 γένος

277 659 334 727 καλ
348 652 621 746 δυσφόλακτον’
604 683 623 725 ο
624 650 883 780 ξυθνμίαυτο.
946 641 971 734 Η

161 767 233 828 ΜΕ
278 755 364 847 άγαν
377 755 558 850 προνωπής
571 764 618 837 είς
634 784 671 827 το
659 755 855 846 λοιδορεῖν
869 757 984 846 φέρει·

278 860 344 950 ἐγώ
359 861 397 931 δὲ
410 857 494 949 πρὸς
507 861 640 948 βίαν
600 888 623 948 μ
642 889 662 929 ν
677 866 709 929 εί
708 889 724 940 ς
737 867 852 928 Φθίαν
865 856 980 947 μολόν
1116 875 1167 932 730

278 959 351 1032 οὔτ’
367 954 432 1033 οὖν
445 991 478 1032 τι
492 962 606 1051 δράσω
619 969 776 1052 φλαῦρον
792 957 871 1031 οὔτε
884 967 1049 1050 πείσομαι.

276 1068 333 1134 καὶ
347 1072 414 1135 νῦν
427 1066 508 1153 μέν,
524 1060 566 1134 οό
586 1062 650 1154 γάρ
664 1060 822 1151 άφθονον
835 1061 958 1152 σχολήν
973 1071 1047 1152 ἔχω,

277 1163 391 1256 ἄπειμ’
408 1171 441 1248 ἐς
456 1178 586 1247 ο7κους·
603 1173 672 1236 ἐστι
683 1165 747 1255 γάρ
761 1165 811 1247 τις
825 1162 867 1234 οό
881 1165 996 1254 πρόσω

278 1270 436 1359 Σπάρτης
450 1270 547 1350 πόλις
559 1297 623 1355 τις,
637 1263 660 1356 ή
668 1265 739 1357 ,πρὸ
753 1274 815 1337 τοῦ
829 1268 892 1355 μὲν
906 1260 950 1356 ήν
964 1274 1057 1358 φίλη,

279 1379 346 1441 νῦν
360 1369 395 1442 δ’
411 1369 516 1460 ἐχθρά
531 1385 623 1440 ποιεῖ
629 1393 637 1406 ·
652 1364 748 1457 τήνδ’
764 1372 957 1452 ἐπεξελθεῖν
970 1372 1063 1440 θέλω
1116 1389 1168 1444 735

277 1473 544 1563 στρατηλατήσας
555 1468 770 1561 χὺποχείριον
783 1479 911 1560 λαβεῖν.

278 1572 359 1644 ὅταν
373 1577 411 1646 δέ
425 1572 520 1644 τάκελ
530 1582 585 1643 θῶ
599 1570 683 1643 κατά
697 1573 835 1662 γνοόμην
849 1574 943 1662 έμήν,

278 1675 361 1765 ήξω·
376 1674 495 1766 πυράν
508 1677 547 1746 δὲ
560 1675 644 1765 πρὸς
658 1676 825 1765 παρόντας
844 1679 1001 1765 ἐμφανῶς

279 1776 452 1867 γαμβροὺς
465 1778 588 1862 διδάξω
604 1780 661 1847 καὶ
674 1778 848 1866 διδάξομαι
863 1776 994 1867 λόγους.

278 1876 343 1950 κάν
355 1881 418 1970 μὲν
431 1882 550 1971 κολάζῃ
564 1882 664 1970 τήνδε
678 1883 734 1952 καὶ
749 1877 785 1950 τὸ
800 1871 954 1971 λοιπὸνή
1117 1898 1168 1953 740

279 1981 427 2073 σαόφρων
445 1982 525 2052 καθ’
542 1979 642 2071 ήμάς,
659 1979 812 2072 σώφρον’
828 1979 1054 2070 ἀντιλήψεται.

277 2082 494 2175 θυμούμενος
509 2085 546 2154 δέ
559 2085 707 2168 τεύξεται
721 2087 958 2173 θυμουμένων,
994 2085 997 2092 ’

278 2193 406 2277 ἔργοισι
421 2184 454 2258 δ’
471 2195 553 2277 ἔργα
566 2185 697 2276 διάδοχ’
714 2184 939 2275 ἀντιλήψεται.

276 2287 356 2370 τοὺς
369 2289 451 2371 σούς
463 2290 502 2362 δὲ
515 2290 649 2379 μύθους
664 2294 788 2380 ῥηιδίως
801 2287 867 2378 ἐγω
881 2290 991 2379 φέρω·

277 2400 355 2484 σκιᾷ
369 2391 434 2483 γάρ
448 2391 653 2480 άυτίστοιχος
668 2387 716 2461 τόν
730 2389 851 2480 φωνήν
865 2399 959 2480 ἔχεις,
1114 2409 1169 2465 745

276 2461 441 2578 άδόνατος
453 2492 556 2566 οόδέυ
569 2492 650 2564 ἄλλο
664 2492 752 2583 πλὴν
765 2494 931 2582 λέγειν’
889 2521 1004 2583 μονον

160 2593 286 2664 ΠΗ.ε
269 2604 352 2685 ηγοῦ
368 2602 486 2670 τεκνον
498 2626 554 2686 μοι
570 2593 703 2686 δεῦρΗ
683 2625 732 2666 νπ
734 2593 919 2684 ’άγκάλαις
932 2604 1079 2713 σταθείς,
1093 2595 1118 2664 λλ

279 2697 412 2770 ουτω
400 2691 582 2770 τάλαινα
598 2707 751 2789 χείματος
764 2696 829 2790 γάρ
846 2683 1033 2789 άγρίου

275 2809 423 2888 τυχοῦσα
438 2806 572 2890 λιμένας
584 2794 689 2890 ήλθες
703 2809 750 2882 είς
764 2799 957 2890 εόηνέμους.

161 2907 237 2969 AN.
280 2894 469 2994 ωπρέσβυ,
489 2912 570 2973 θεοί
582 2925 635 2974 σοι
649 2910 742 2974 δοῖεν
756 2931 795 2972 ευ
783 2894 865 2974 καὶ
878 2919 964 2974 τοῖσι
977 2919 1058 2991 σοῖς,
1113 2921 1165 2976 750

275 3004 419 3074 σώσαντι
433 3011 537 3077 παῖδα
552 3004 636 3094 κάμδ
650 3003 712 3094 τήν
725 3012 944 3094 δυσδαίμονα.

275 3103 338 3197 όρα
352 3107 390 3176 δὲ
403 3105 448 3196 μή
462 3116 533 3201 νῷν
547 3114 594 3188 είς
608 3111 749 3197 ἐρημίαν
764 3103 848 3178 ὁδοῦ

275 3207 454 3296 πτήξαντες
468 3216 539 3281 οἵδε
559 3207 641 3300 πρὸς
657 3217 736 3298 βίαν
750 3206 860 3299 άγωσί
876 3237 932 3298 με,

277 3312 419 3400 γέροντα
432 3313 495 3401 μὲν
508 3309 540 3383 δ’
558 3309 718 3401 ὁρωντες,
735 3309 864 3401 αἰοθενή
880 3310 912 3382 δ’
929 3314 985 3400 ἐμὲ

275 3415 332 3483 καὶ
345 3420 448 3485 παῖδα
461 3414 560 3486 τόνδε
576 3415 713 3501 νήπιον·
729 3414 845 3486 σκόπει
858 3414 949 3502 τάδε,
1110 3427 1163 3484 755

274 3511 320 3602 μή
336 3522 404 3585 νῦν
418 3515 584 3604 φυγόντες
598 3513 668 3586 εἶθ’
686 3513 818 3606 ἁλῶμεν
834 3513 984 3602 ὕστερον.
