2517 3934
399 881 750 951 ῬΠΟΘΕΣΙΣ.

156 1295 393 1381 Νεοπτόλεμος
411 1296 449 1361 έν
465 1301 506 1382 τῇ
527 1301 632 1383 Τροίᾳ
647 1298 746 1380 γέρας
764 1292 878 1381 λαβών
897 1293 1035 1378 Ἀνδρο-

66 1393 181 1479 μάχην
198 1392 261 1479 τήν
275 1390 433 1478 Ἕκτορος
457 1405 612 1480 γυναῖκα,
632 1397 734 1460 παῖδα
752 1397 865 1461 ἔτεκεν
882 1397 914 1474 ἐξ
935 1391 1037 1478 αὐτῆς

66 1492 145 1579 [τδν
155 1491 366 1579 Μολοττόν]·
395 1486 540 1576 ὕστερον
555 1490 592 1557 δέ
610 1493 774 1576 ἐπέγημεν
786 1488 964 1577 Ἑρμιόνην
975 1491 1037 1576 τήν

69 1590 256 1661 Μενελάου
282 1593 463 1675 θυγατέρα.
497 1591 592 1668 δίκας
613 1586 651 1656 δὲ
673 1595 808 1675 πρῶτον
829 1585 959 1676 ήτηκώς
980 1596 1035 1674 τῆς

72 1692 242 1776 Αγιλλέως
253 1685 453 1771 ἀναιρέσεως
470 1685 531 1753 τὸν
546 1687 583 1752 ἐν
594 1693 743 1772 Δελφοῖς
754 1685 956 1772 Ἀπόλλωνα,
970 1688 1060 1754 noi-5

70 1794 127 1853 λιν
139 1776 249 1870 ήλθεν
260 1784 313 1851 ἐπὶ
324 1780 360 1849 τδ
374 1784 577 1869 χρηστήριον
585 1783 804 1869 μετανοήσας,
815 1787 871 1850 ἵνα
882 1783 942 1850 τδν
952 1782 1038 1852 θεὸν

69 1884 272 1967 ἐξιλάσηται.
299 1881 490 1966 ζηλοτύπως
501 1879 533 1949 δ’
547 1887 670 1967 ἔχουσα
688 1879 771 1967 πρὸς
782 1878 1037 1968 τήνἈνδρομά-

71 2007 136 2067 χην
147 1978 168 2066 ἡ
181 1980 311 2066 βασιλὶς
325 1978 526 2066 ἐβουλεύετο
539 1977 612 2047 κατ’
631 1978 735 2066 αύτής
751 1977 920 2066 θάνατον,
936 2007 1037 2066 μετα-

71 2080 273 2165 πεμψαμένη
284 2079 345 2145 τὸν
354 2081 548 2145 Μενέλαον·
571 2072 594 2165 ἣ
613 2079 650 2145 δέ
662 2078 699 2144 τὸ
716 2081 851 2145 παιδίον
862 2080 924 2165 μὲν
935 2075 1037 2157 ύπεξ-

72 2185 213 2266 έθηκεν,
237 2176 322 2265 αύτή
346 2180 382 2247 δὲ
405 2182 594 2265 κατέφυγεν
615 2181 670 2246 ἐπὶ
685 2176 721 2245 τό
746 2176 839 2266 ίερδν
859 2185 917 2264 τῆς
939 2181 1035 2247 Θέτι·
1046 2197 1079 2249 10

73 2279 141 2355 δος.
162 2281 197 2344 οί
212 2278 248 2344 δέ
260 2279 337 2360 περὶ
353 2275 413 2344 τὸν
424 2279 603 2344 Μενέλαον
615 2277 671 2344 καλ
684 2275 722 2344 τὸ
742 2281 877 2344 παιδίον
891 2274 1038 2362 ἀνεῦρον

73 2378 128 2441 καὶ
140 2377 273 2462 ἐκείνην
290 2372 519 2460 ἀκονήσαντες
536 2372 692 2462 ἤγειραν·
721 2376 776 2442 καὶ
787 2375 947 2460 σφάττειν
959 2383 1038 2460 μέλ-

73 2482 190 2552 λοντες
202 2469 414 2560 ἀμφοτέρους
425 2475 650 2561 ἐκωλύθησαν
659 2467 797 2560 Πηλέως
808 2476 1036 2559 ἐπιφανέντος.

74 2580 250 2655 Μενέλαος
273 2572 335 2660 μὲν
357 2568 422 2642 ούν
438 2574 593 2663 ἀπῆλθεν
618 2582 665 2657 είς
682 2575 856 2663 Σπάρτην·
881 2572 1038 2662 Ἑρμιόνη

73 2673 110 2740 δὲ
121 2675 325 2760 μετενόησεν
344 2672 571 2762 εύλαβηθεῖσα
589 2674 651 2762 τήν
667 2680 855 2758 παρουσίαν
873 2680 935 2740 τού
947 2681 1035 2741 Νεο-
1047 2693 1080 2745 15

74 2777 251 2861 πτολέμου.
274 2777 546 2863 παραγενόμενος
564 2778 600 2845 δέ
619 2774 637 2845 ὁ
660 2773 812 2861 Ὀρέστης
833 2772 959 2860 ταύτην
976 2772 1038 2861 μὲν

74 2870 226 2958 ἀπήγαγε
246 2879 379 2961 πείσας,
404 2878 626 2967 Νεοπτολέμῳ
652 2875 689 2941 δὲ
710 2872 972 2958 ἐπεβούλευσεν·
997 2867 1038 2937 δν

75 2971 127 3035 καὶ
144 2975 361 3055 φονευθέντι
379 2979 535 3060 παρῆσαν
552 2977 588 3042 οί
601 2977 771 3060 φέροντες.
793 2979 902 3058 Πηλεῖ
911 2975 947 3040 δὲ
958 2974 1037 3058 μέλ-

77 3073 165 3133 λοντι
186 3063 247 3133 τὸν
268 3067 391 3153 νεκρὸν
413 3080 556 3157 θρηνεῖν
578 3076 673 3150 Θέτις
695 3072 894 3156 ἐπιφανεῖσα
915 3077 1037 3138 τούτου

77 3161 228 3244 ἐπέταξεν
246 3169 284 3231 έν
299 3174 448 3252 Δελφοῖς
462 3169 586 3256 θάψαι,
610 3169 672 3254 τήν
692 3169 729 3235 δὲ
747 3165 973 3255 Ἀνδρομάχην
991 3173 1080 3248 slew

79 3261 279 3341 Μολοσσούς
301 3260 495 3333 ἀποστεῖλαι
516 3266 598 3352 μετά
619 3271 682 3332 τού
706 3264 839 3352 παιδός,
873 3263 979 3332 αύτὸν
1001 3267 1038 3332 δὲ

81 3355 269 3426 ἀθανασίαν
285 3364 546 3448 προσδέχεσθαι·
570 3361 682 3450 ταχύν
704 3364 740 3429 δέ
762 3362 884 3448 ταύτης
906 3368 952 3442 είς
973 3390 1036 3449 μα-

78 3455 186 3539 κάρων
198 3457 326 3542 νήσους
340 3457 482 3547 ᾤκησεν.
