2517 3934
494 196 644 256 ΕΛΕΝΗ

168 360 191 435 ὅ
203 385 258 433 σοι
272 364 455 451 παρέλιπεν
469 358 530 450 ἥδε
544 370 612 431 τῶν
627 362 752 452 λόγων,
769 365 897 451 φράσω.

168 463 285 556 ὅρκοις
297 461 492 554 κεκλῄμεθ’,
509 461 553 544 ὡς
565 465 693 554 μάθῃς,
709 457 737 534 ω’
750 469 910 553 παρθένε,

169 575 306 654 πρῶτον
321 567 383 653 μὲν
396 570 511 634 ἐλθεῖν
526 565 581 634 διδ
594 566 698 655 μάχης
712 575 760 657 σῷ
773 567 946 659 συγγόνῳ·

168 666 327 737 κάκεῖνον
340 663 362 755 ἦ
375 664 428 755 ’μὲ
442 673 495 736 δεῖ
507 677 644 737 θανεῖν·
660 666 785 748 διπλοῦς
799 670 907 756 λόγος.

171 767 214 857 ἦν
229 768 263 838 δ’
281 773 313 849 ἐς
325 769 388 856 μὲν
400 766 507 856 άλκὴν
520 772 564 856 μὴ
580 765 658 836 πόδ’
675 767 798 859 ἀντιθῇ
813 776 902 856 ποδί,
1006 788 1059 844 980

169 879 255 963 λιμςό
271 871 307 939 δὲ
322 878 414 960 θηρᾷ
427 870 555 958 τύμβον
570 871 756 940 ἱκετεύοντε
770 871 831 958 νύ,

170 989 306 1041 κτανεῖν
321 974 473 1041 δέδοκται
486 967 582 1059 τήνδ’
600 973 671 1056 ἐμοὶ
687 970 814 1040 κᾶπειτ’
832 974 915 1061 έμδν

170 1074 254 1162 πρὸς
268 1065 357 1163 ἧπαρ
371 1065 454 1143 άσαι
469 1080 625 1161 δίστομον
638 1076 734 1161 ξίφος
747 1074 823 1145 τόδε

171 1176 302 1264 τύμβου
316 1172 367 1243 ’πί
380 1174 499 1255 νεάτοις
513 1172 620 1262 τοῦδ’,
636 1171 681 1242 ἵν’
701 1180 836 1264 αἵματος
850 1178 924 1264 ῥοαί

170 1281 282 1366 τάφον
295 1276 535 1359 καταστάζωσι·
553 1277 755 1363 κεισόμεσθα
767 1279 803 1347 δέ
1008 1295 1059 1350 080

171 1377 280 1467 νεκροὶ
296 1377 352 1447 δύ’
367 1382 438 1464 ἑξῆς
452 1375 532 1468 τῷδ’
549 1380 603 1446 ἐπὶ
616 1382 719 1469 ξεστῷ
732 1378 838 1470 τάφῳ,

172 1478 345 1549 ἀθάνατον
358 1477 458 1566 άλγος
472 1487 541 1566 σοί,
556 1479 660 1566 ψόγος
674 1479 712 1547 δὲ
725 1488 772 1572 σῷ
787 1487 896 1569 πατρί.
1026 1551 1029 1554 ,

173 1579 214 1651 ού
228 1580 293 1671 γὰρ
306 1597 407 1669 γαμεῖ
418 1577 513 1667 τήνδ’
530 1577 608 1649 ούτε
623 1580 787 1668 σύγγονος
800 1586 903 1651 σέθεν

172 1680 245 1752 οὔτ’
262 1680 359 1763 ἄλλος
372 1678 501 1761 ούδείς·
521 1679 597 1750 ἀλλ’
614 1683 680 1768 ἐγώ
694 1679 753 1769 σφ’
770 1680 944 1771 ἀπάξομαι,

173 1791 205 1853 εί
216 1784 260 1872 μὴ
278 1782 361 1874 πρὸς
375 1793 489 1863 οῖκονς
502 1779 685 1871 δυνάμεθ’,
700 1780 784 1852 άλλδι
797 1783 881 1873 πρὸς
893 1786 1045 1869 νεκρούς.

172 1893 207 1954 τί
217 1893 339 1966 ταύτας
353 1883 511 1972 δακρύοις
527 1890 572 1964 είς
587 1882 624 1954 τό
640 1892 731 1972 θῆλυ
745 1887 947 1975 τρεπόμενος
1007 1903 1054 1957 001

172 1987 298 2067 ἐλεινὸς
312 1977 354 2075 ἦν
369 1981 411 2055 δυ
423 1992 551 2072 μᾶλλον
564 1981 586 2073 ἢ
601 1986 808 2074 δραστήριος.

172 2085 289 2176 κτεῖν’,
306 2095 337 2156 εί
348 2094 444 2156 δοκεῖ
454 2108 523 2154 σοι·
540 2091 709 2166 δυσκλεῶς
722 2085 787 2176 γὰρ
801 2085 842 2156 ού
857 2104 998 2169 κτενεῖς·

171 2191 299 2277 μᾶλλόν
314 2217 352 2277 γε
366 2192 479 2276 μέντοι
493 2202 562 2266 τοῖς
576 2192 666 2275 ἐμοῖς
680 2195 804 2257 πείθου
818 2190 940 2277 λόγοις,

172 2289 218 2359 ἵν’
237 2284 276 2380 ᾖς
291 2297 403 2360 δικαία
418 2291 474 2358 καλ
488 2285 628 2377 δάμαρτ’
646 2288 710 2378 ἐγίι
729 2290 829 2377 λάβω.
1009 2306 1060 2362 995
1161 2328 1164 2333 ⁴

47 2404 124 2466 XO.
168 2395 205 2461 έν
217 2394 271 2462 σοὶ
285 2391 482 2482 βραβεύειν,
497 2381 524 2458 ὦ
538 2398 650 2478 νεᾶνι,
664 2390 743 2470 τούς
755 2392 890 2479 λόγους·

173 2491 262 2562 οὕτω
277 2496 315 2564 δέ
328 2511 445 2585 κρῖνον
460 2488 504 2571 ὥς
518 2487 642 2560 ἅπασιν
656 2489 812 2582 ἁνδάνῃς.

51 2603 194 2666 ΘΕΟΝ.
210 2594 275 2684 έγοδ
290 2593 426 2685 πέφυκά
439 2589 470 2662 τ’
490 2589 643 2681 εύσεβεῖυ
655 2597 711 2662 καὶ
725 2595 907 2683 βούλομαι,

174 2704 261 2785 φιλῶ
275 2693 306 2766 τ’
323 2695 486 2786 ἐμαυτήν,
501 2695 557 2762 καὶ
571 2697 666 2776 κλέος
681 2693 808 2783 τούμού
823 2695 946 2783 πατρὸς
968 2724 974 2732 ·

172 2796 235 2868 οὐκ
250 2794 292 2867 δυ
306 2792 464 2887 μιάναιμ’,
478 2793 560 2865 ούδδ
572 2797 729 2888 συγγόνῳ
744 2798 840 2886 χάριν
992 2815 1060 2868 1000

175 2905 273 2988 δοίην
287 2895 329 2969 άν
344 2905 376 2983 ἐξ
391 2890 429 2986 ἦς
444 2896 607 2984 δυσκλεὴς
621 2899 815 2986 φανήσεται.

176 3009 283 3071 ένεστι
298 2999 331 3071 δ’
348 2998 441 3090 ίερδυ
454 3005 511 3085 τῆς
524 3004 619 3086 δίκης
634 3002 705 3086 ἐμοὶ
718 3003 802 3089 μέγα

177 3107 214 3172 έν
227 3111 268 3192 τῇ
283 3104 400 3192 φύσει·
417 3101 473 3170 καὶ
486 3107 586 3168 τοῦτο
598 3103 741 3188 Νηρέως
755 3103 844 3190 πάρα

175 3211 296 3293 ἔχουσα
309 3205 425 3288 σεόζειν
438 3203 622 3270 Μενέλεων
636 3204 842 3291 πειράσομαι.

166 3301 255 3399 Ἥρα
267 3304 312 3394 δ’,
335 3311 471 3398 ἐπείπερ
488 3308 649 3396 βούλεταί
665 3303 698 3375 σ’
718 3305 919 3397 εύεργετεῖν,
992 3319 1061 3371 1005

179 3415 225 3490 είς
238 3406 362 3480 ταύτδυ
376 3418 456 3477 οῖσω
470 3410 603 3491 ψῆφον·
626 3400 647 3490 ἡ
661 3406 793 3495 Κύπρις
806 3402 837 3473 δ’
855 3406 927 3492 ἐμοὶ
