2517 3934
364 650 742 719 ΥΠΟΘΕΣΙΣ.

174 954 295 1038 Ἰόλαος
313 954 390 1039 υίὸς
408 957 471 1045 μὲν
490 948 534 1045 ἦν
552 954 754 1045 Ἰφικλέους,
775 954 982 1044 ἀδελφιδοῦς
1001 956 1040 1026 δὲ

68 1058 285 1152 Ἡρακλέους·
301 1063 339 1130 έν
358 1060 489 1149 νεότητι
512 1055 545 1127 δ’
568 1063 687 1151 ἐκείνω
707 1056 1039 1150 συστρατευσόμενος

72 1167 110 1233 έν
123 1161 211 1253 γήρᾳ
225 1176 294 1242 τοῖς
309 1166 341 1244 ἐξ
357 1164 491 1231 ἐκείνου
506 1160 635 1250 βοηθὸς
649 1157 772 1242 εῦνους
786 1164 942 1252 παρέστη.
971 1168 1040 1230 τῶν

71 1264 136 1355 γάρ
151 1270 283 1334 παίδων
297 1267 330 1347 έξ
349 1260 478 1352 ἀπάσης
499 1267 736 1352 ἐλαυνομένων
755 1271 817 1352 γῆς
836 1261 897 1332 ὑπ’
919 1258 1038 1352 Εὐρυ-

72 1369 199 1453 σθέως,
214 1373 299 1454 ἔχων
314 1364 439 1447 αῦτοῦς
455 1357 564 1454 ἦλθεν
584 1373 630 1448 είς
650 1362 796 1455 Ἀθήνας
815 1362 913 1435 κάκεῖ
930 1385 1067 1455 προσ-6

72 1467 195 1559 φυγῶν
216 1484 284 1549 τοῖς
304 1479 398 1550 θεοίς
419 1477 493 1556 ἔσχε
513 1467 575 1557 τὴν
596 1466 784 1558 ἀσφάλειαν
804 1475 1038 1557 Δημοφῶντος

71 1578 129 1659 τῆς
143 1570 271 1651 πόλεως
284 1579 498 1660 κρατοῦντος.
513 1575 675 1661 Κοπρέως
689 1572 727 1641 δὲ
746 1579 808 1641 τοῦ
827 1568 1038 1662 Εὐρυσθέως

70 1674 219 1765 κήρυκος
234 1670 388 1743 ἀποσπᾶν
401 1676 562 1754 θέλοντος
575 1673 654 1754 τοῦς
668 1677 776 1754 ίκέτας
790 1674 959 1743 ἐκώλυσεν
973 1669 1038 1742 αῦ-

72 1776 146 1845 τόν·
172 1769 241 1846 δ’δὲ
256 1771 389 1863 ἀπῆλθε
410 1775 557 1864 πόλεμον
577 1772 759 1865 ἀπειλήσας
779 1778 1035 1864 προσδέχεσθαι.

70 1885 248 1966 Δημοφῶν
262 1879 300 1947 δὲ
312 1878 435 1947 τοῦτον
448 1878 510 1966 μὲν
525 1875 706 1968 ῶλιγῶρει·
721 1886 879 1967 χρησμῶν
893 1878 931 1947 δὲ
944 1874 1036 1970 αῦτῶ
1049 1894 1080 1945 10

72 1980 270 2070 νικηφόρων
291 1983 523 2069 γενηθέντων,
548 1979 608 2049 έάυ
628 1982 784 2071 Δήμητρι
810 1980 872 2069 τὴν
900 1977 1037 2071 εῦγενε-

71 2082 196 2170 στάτην
211 2085 394 2171 παρθένων
409 2082 536 2173 σφόξη,
552 2100 620 2165 τοῖς
644 2079 755 2171 λόγοις
775 2085 904 2173 βαρέως
924 2090 1035 2171 ἔσχεν·

72 2182 151 2255 οῦτε
164 2183 228 2274 γάρ
244 2190 335 2255 ίδίαν
350 2181 429 2255 οῦτε
443 2192 510 2253 τῶν
525 2194 672 2255 πολιτῶν
684 2213 776 2265 τινος
790 2187 963 2275 θυγατέρα
977 2184 1037 2272 χό-

71 2316 129 2378 ριν
142 2295 211 2357 τῶν
226 2292 345 2357 ἱκετῶν
359 2284 554 2357 ἀποκτεῖναι
570 2293 703 2358 δίκαιον
723 2285 845 2376 ἡγεῖτο.
874 2285 936 2375 τὴν
949 2315 1037 2374 μαν-

70 2397 165 2459 τείαν
179 2391 217 2459 δὲ
231 2397 425 2480 προγνοῦσα
437 2398 497 2479 μία
510 2397 579 2460 τῶν
593 2388 795 2479 Ἡρακλέους
810 2395 942 2459 παίδων
955 2398 1078 2459 Moe-1⁵

71 2500 190 2583 καρία,
211 2489 271 2561 τὸν
291 2492 444 2562 θάνατον
471 2495 632 2575 ἑκουσίως
658 2492 796 2581 ὑπέστη.
821 2491 947 2580 ταύτην
973 2491 1035 2580 μὲν
1078 2520 1082 2527 ·

71 2586 136 2664 οῦν
151 2592 298 2685 εῦγενῶς
318 2592 563 2665 ἀποθανοῦσαν
584 2601 759 2685 ἐτίμησαν·
788 2591 886 2664 αῦτολ
899 2594 937 2663 δὲ
957 2591 1037 2674 τοὺς

70 2702 251 2785 πολεμίους
271 2697 463 2791 ἐπιγνόντες
490 2698 673 2785 παρόντας,
696 2706 743 2780 είς
761 2695 823 2785 τὴν
841 2696 953 2786 μάχην
968 2692 1036 2784 ῶρ-

71 2820 194 2887 μησαν.
