2517 3934
198 163 259 228 160
626 165 778 225 ΕΚΑΒΗ

200 344 267 405 XO.
309 336 382 423 ἐμοὶ
394 343 479 424 χρῆν
492 336 684 423 συμφοράν,

310 438 384 526 ἐμοὶ
398 444 481 526 χρῆν
495 435 651 524 πημονὰν
664 437 836 525 γενέσθαι,

306 536 430 610 Ἰδαίαν
443 535 499 608 ὅτε
511 546 646 627 πρῶτον
659 536 747 607 ῧλαν

307 638 522 729 Ἀλέξανδρος
536 646 707 709 είλατίναν

310 741 460 830 ἐτάμεθ’,
475 739 571 810 άλιον
585 739 640 810 ἐπ’
657 742 758 828 οἶδμα
771 743 1010 831 ναυσιολησων

306 841 437 923 Ἑλένας
453 845 508 912 ἐπὶ
522 846 659 932 λέκτρα,
676 843 739 912 τάν

311 953 492 1015 καλλίσταν
506 942 524 1014 ὁ
538 944 733 1034 χρυσοφαὴς

302 1045 413 1127 ’Ἅλιος
426 1044 572 1136 αάγάζει.

311 1151 410 1220 πόνοι
424 1148 488 1238 γάρ
503 1151 561 1218 καὶ
573 1149 690 1218 πόνων

311 1251 455 1341 ἀνάγκαι
469 1258 662 1337 κρείσσονες
674 1257 889 1320 κυκλοῦνται.

311 1352 428 1424 κοινὸν
443 1350 475 1422 δ’
492 1356 525 1436 ἐξ
539 1359 627 1433 ίδίας
640 1349 757 1434 ἀνοίας

311 1454 417 1525 κακὸν
431 1461 472 1546 τᾷ
485 1460 687 1543 Σιμουντίδι
701 1463 745 1547 γᾷ

311 1556 472 1646 ὀλέθριον
487 1565 583 1645 ἔμολε
597 1557 758 1646 συμφορά
771 1554 802 1626 τ’
818 1553 876 1626 άπ’
893 1553 1015 1626 ἄλλων.

312 1664 433 1748 ἐκρίθη
448 1655 481 1727 δ’
499 1666 584 1748 ἔρις,
600 1655 644 1727 άν
657 1658 748 1729 ἐν”Ι-

311 1768 355 1852 δᾳ
368 1768 478 1850 κρίνει
492 1759 628 1850 τρισσὰς
641 1759 802 1852 μακάρων
1152 1779 1201 1833 645

311 1869 433 1942 παῖδας
446 1860 530 1952 άνηρ
545 1863 679 1950 βούτας,

311 1966 367 2034 ἐπὶ
381 1965 457 2052 δορλ
470 1965 526 2033 καλ
540 1964 636 2056 φόνςο
649 1968 706 2033 καλ
721 1968 811 2052 ἐμῶν
824 1964 1006 2052 μελάθρων
1018 1965 1132 2058 λώβᾳ·

312 2069 422 2136 στένει
437 2068 474 2135 δὲ
488 2073 548 2136 καί
557 2092 608 2146 τις
622 2063 709 2156 άμφλ
723 2063 783 2136 τὸν
797 2064 919 2156 εάροον
931 2063 1102 2155 Εάροάταν
1153 2086 1205 2141 650

312 2169 465 2238 Λάκαινα
478 2168 733 2257 πολυδάκρυτος
746 2172 783 2238 ἐν
797 2169 913 2257 δόμοις
926 2168 1020 2258 κάρα,

312 2269 431 2340 πολιόν
445 2267 475 2338 τ’
491 2272 546 2339 ἐπὶ
560 2277 666 2358 κρᾶτα
679 2270 786 2360 μάτηρ

311 2376 440 2443 τέκνων
453 2372 633 2442 θανόντων

313 2483 442 2545 τίθεται
456 2477 537 2562 χέρα
552 2475 739 2563 δρύπτεταί
749 2503 786 2544 τε
800 2475 954 2564 παρειάν,
1156 2493 1208 2547 655

314 2583 448 2666 δίαιμον
463 2574 568 2664 ὄνυχα
583 2580 745 2666 τιθεμένα
759 2592 976 2666 σπαραγμοῖς.

199 2687 267 2749 ΘΕ.
313 2696 487 2768 γυναῖκες,
497 2675 618 2767 Ἑκάβη
635 2687 702 2748 ποῦ
717 2677 798 2748 ποθ’
815 2676 1033 2766 ἡπαναθλία,

313 2778 335 2869 ἡ
349 2781 457 2850 πάντα
470 2777 718 2866 νικάσῖιάνδρα
731 2783 788 2850 καλ
800 2788 916 2867 θῆλυν
928 2780 1059 2867 σποράν

313 2898 485 2963 κακοῖσιν;
503 2881 616 2961 οὐδεὶς
629 2886 797 2971 στέφανον
811 2879 1064 2971 άνθαιρήσεται.
1155 2898 1209 2953 660

201 2993 271 3054 XO.
312 2991 347 3052 τί
357 2980 403 3067 δ’,
419 2975 446 3051 ά
460 2984 599 3052 τάλαινα
612 2991 672 3072 σῆς
685 2983 922 3070 κακογλοάσσου
935 2990 1032 3072 βοῆς;

315 3082 360 3164 ὡς
375 3081 500 3153 οὔποθ’
519 3081 612 3153 εὕδει
626 3086 738 3175 λυπρά
753 3107 816 3155 σου
830 3086 1037 3174 κηρύγματα.

201 3197 269 3258 ΘΕ.
307 3184 428 3277 Ἑκάβη
442 3188 536 3276 φέρω
550 3187 609 3255 τόδ
613 3183 621 3210 ’
638 3185 753 3276 άλγος·
770 3191 808 3257 ἐν
820 3204 952 3256 κακοῖσι
966 3185 1004 3256 δὲ

315 3287 356 3358 οά
372 3289 490 3379 ῥᾴδιον
504 3297 676 3375 βροτοῖσιν
690 3287 856 3378 εὐφημεῖν
869 3289 983 3377 στόμα.

205 3399 273 3458 ΧΟ.
312 3393 369 3458 καὶ
383 3389 450 3477 μὴν
464 3397 599 3478 περῶσα
612 3391 769 3478 τυγχάνει
782 3393 897 3479 δόμων
909 3387 977 3460 άπο
1157 3406 1210 3461 665

511 3506 880 3564 6λ9-637--638-646
