2517 3934
457 190 728 250 HPAKAEIAAI
1019 194 1083 257 315

184 356 307 441 Ἰόλαος
321 363 467 447 ἐμβήσαί
477 387 534 428 νιν
548 364 684 429 ἵππειον
697 366 834 450 δίφρον.
1031 381 1083 435 845

187 461 302 550 λαβδυ
317 462 355 531 δὲ
367 464 483 551 χερσὶν
496 458 593 549 ἡνίας
606 459 818 551 Εὐρυσθέως

188 566 312 644 πώλοις
326 568 445 650 ἐπεῖχε.
461 560 545 634 τάπδ
561 563 659 634 τοῦδ’
674 562 740 655 ήδη
753 565 869 635 κλύων

186 663 316 755 λέγοιμ’
334 662 377 737 άν
390 663 520 754 άλλων,
537 672 640 757 δεῦρο
655 665 688 737 δ’
705 665 807 749 αὐτὸς
821 669 969 740 είσιδοόυ.

184 774 398 857 Παλληνίδος
411 766 476 857 γάρ
490 769 616 857 σεμνὸν
630 773 784 860 ἐκπερῶν
797 771 907 860 πάγον

186 877 260 952 δίας
276 868 438 958 Ἀθάνας,
453 868 532 959 ἅρμ’
550 870 635 941 ἐδοδν
649 871 871 962 Εὐρυσθέως,
1024 869 1078 946 850

184 971 331 1062 ἠράσαθ’
340 969 428 1063 Ἥβη
442 980 530 1061 Ζηνί
545 972 598 1062 θ’,
612 970 740 1064 ἡμέραν
754 985 835 1064 μίαν

185 1078 262 1155 νέος
276 1078 436 1165 γενέσθαι
451 1073 699 1146 κάποτίσασθαι
714 1084 814 1167 δίκην

187 1178 343 1267 ἐχθρούς.
359 1178 478 1247 κλύειν
494 1176 535 1267 δὴ
551 1179 725 1267 θαύματος
743 1181 887 1269 πάρεστί
897 1201 960 1249 σοι.

186 1278 289 1349 δισσιδ
304 1279 369 1368 γάρ
386 1276 498 1370 ἀστέρ’
516 1286 665 1361 ἱππικοῖς
679 1284 733 1351 ἐπὶ
747 1291 859 1371 ζυγοῖς

185 1380 341 1452 σωθέντ’
359 1390 512 1472 ἔκρυψαν
526 1380 614 1473 άρμα
630 1391 760 1476 λυγαίφ
772 1388 887 1472 νέφει·
1024 1399 1077 1455 885

183 1482 245 1554 σὸν
261 1482 302 1573 δή
316 1487 453 1573 λέγουσι
466 1486 570 1555 παῖδά
587 1482 620 1572 γ’
639 1491 674 1556 οἱ
684 1486 873 1578 σοφώτεροι

178 1580 287 1675 Ἥβην
302 1584 352 1657 θ’·
369 1586 387 1658 ὃ
402 1584 434 1657 δ’
452 1584 581 1677 ὄρφνης
596 1592 632 1657 ἐκ
647 1594 852 1680 δυσαιθρίου
865 1589 954 1659 νέων

186 1690 376 1778 βραχιόνων
390 1694 516 1774 ἔδειξεν
529 1688 658 1780 ήβητήυ
672 1692 791 1761 τύπου.

185 1796 273 1880 αίρεῖ
287 1789 319 1861 δ’
336 1789 354 1861 ὁ
369 1792 501 1889 κλεινὸς
514 1789 640 1873 Ἰόλεως
652 1790 862 1885 Εὐρυσθέως

184 1896 350 1984 τέτρωρον
363 1892 452 1984 άρμα
468 1892 552 1984 πρὸς
566 1897 702 1981 πέτραις
714 1902 930 1986 Σκειρωνίσι.
1021 1912 1076 1967 880

185 2002 318 2086 δεσμοῖς
333 2024 369 2066 τε
385 1994 488 2085 δήσας
501 2013 613 2087 χεῖρας
627 1994 828 2087 ἀκροθίνιον

183 2098 361 2168 κάλλιστον
375 2096 450 2188 ήκει
463 2098 523 2169 τὸν
538 2099 767 2189 στρατηλάτην
783 2096 876 2187 άχων

185 2200 245 2270 τὸν
259 2198 376 2290 ὄλβιον
390 2201 552 2290 πάροιθε·
567 2200 608 2291 τῇ
622 2202 660 2271 δέ
674 2208 741 2271 νῦν
754 2200 838 2291 τάχη

183 2302 315 2392 βροτοῖς
330 2300 433 2373 άπασι
446 2301 580 2391 λαμπρά
594 2301 756 2392 κηρύσσει
770 2314 906 2392 μαθεῖν,

186 2403 247 2474 τὸν
261 2402 415 2493 εὐτυχεῖν
430 2411 596 2475 δοκοῦντα
609 2404 654 2494 μὴ
669 2413 808 2494 ζηλοῦν,
824 2407 906 2494 πρὶν
920 2400 964 2474 άν
1023 2420 1075 2475 888

184 2504 325 2578 θαυοντ’
342 2514 397 2597 ἴδη
411 2529 475 2588 τις·
494 2504 538 2588 ὥς
553 2509 714 2597 ἐφήμεροι
728 2508 835 2597 τύχαι.

133 2660 141 2675 .
184 2600 212 2679 οἶ
224 2616 292 2679 Ζεύ
306 2627 461 2699 τροπαῖε,
476 2618 542 2679 νῦν
556 2613 629 2699 ἐμοὶ
644 2617 761 2680 δεινοῦ
773 2610 885 2699 φόβου

184 2712 368 2803 ἐλεύθερον
385 2713 546 2801 πάρεστιν
559 2704 648 2803 ἦμαρ
662 2719 811 2783 εἰσιδεῖν.

133 2864 141 2881 .
184 2804 212 2881 ό
225 2821 310 2901 Ζεύ,
326 2814 436 2907 χρόυφ
450 2814 512 2902 μὲν
525 2812 601 2903 πόμ’
618 2818 792 2897 ἐπεσκέψω
806 2816 904 2904 κακά,

183 2915 282 3007 χάριν
297 2913 330 2986 δ’
347 2914 436 3005 ὅμως
450 2938 503 2987 σοι
517 2925 585 2987 τῶν
598 2921 845 3007 πεπραγμένων
860 2926 940 3008 ἔχω·
1022 2931 1076 2987 870

187 3021 243 3087 καὶ
257 3025 361 3089 παῖδα
374 3016 434 3089 τὸν
448 3017 530 3107 ἐμὸν
543 3020 696 3107 πρόσθεν
709 3018 751 3090 οὐ
766 3018 906 3092 δοκούσ’
923 3015 989 3109 ἐγὼ

184 3131 278 3201 θεοῖς
292 3118 422 3210 ὁμιλεῖν
436 3129 502 3190 νῦν
516 3126 691 3211 ἐπίσταμαι
704 3132 830 3212 σαφῶς.

185 3214 213 3291 ὦ
227 3225 343 3312 τέκνα,
358 3232 425 3295 νῦν
438 3222 480 3311 δή
495 3231 562 3293 νῦν
575 3225 752 3315 ἐλεύθεροι
766 3226 892 3314 πόνων,

185 3324 361 3416 ἐλεύθεροι
376 3328 413 3396 δὲ
426 3333 488 3395 τοῦ
502 3334 612 3406 κακῶς
626 3325 816 3415 όλουμέυου
930 3357 932 3360 ·

184 3424 393 3517 Εὐρυσθέως
408 3437 527 3500 ἔσεσθε
540 3431 597 3498 καὶ
610 3430 709 3499 πόλιν
723 3428 849 3518 πατρὸς
1024 3440 1078 3497 875

11 3502 14 3511 ¹
98 3540 100 3543 ’
186 3525 332 3620 ὄψεσθε,
347 3532 493 3623 κλήρους
507 3528 541 3601 δ’
560 3534 779 3619 ἐμβατεύσετε
793 3528 917 3620 χθονὸς
