2517 3934
465 187 681 246 ΑΛΚΗΣΊἸΣ

163 364 271 446 ψυχῆς
285 355 349 446 γάρ
365 353 468 426 οὐδέν
482 358 551 426 ἔστι
566 355 778 446 τιμιιότερον·

162 465 277 530 δίκαια
291 456 336 546 δ’,
353 456 398 540 ὡς
412 442 530 547 φήσείς
543 458 603 528 σό·
633 459 755 528 τούσδε
768 456 832 547 γάρ
848 467 958 546 φιλεῖς

163 559 226 649 οὐχ
242 552 346 650 ἧσσον
359 557 381 649 ἦ
393 559 455 649 ’γά
470 566 607 647 παῖδας,
623 571 716 648 είπερ
736 553 775 631 εὖ
789 576 943 650 φρονεῖς·

162 664 301 744 τούτους
314 661 461 751 ἀνάσχου
476 663 638 744 δεσπότας
652 667 742 752 ἐμῶν
756 662 881 751 δόμιον,

161 765 277 854 καὶμὴ
291 764 449 857 ’πιγήμης
462 771 574 835 τοῖσδε
587 764 755 855 μητρυιάν
768 767 908 853 τέκνοις,
1001 782 1053 836 ³05

161 866 235 957 ἥτις
249 876 377 938 κακίων
391 860 462 939 οόό
480 872 563 956 ἐμοῦ
581 866 668 957 γυνη
683 867 805 962 φθόνῳ

162 986 230 1052 τοῖς
245 987 332 1041 σοῖσι
346 968 464 1060 κάμοῖς
481 972 577 1040 παισί
590 986 685 1059 χεῖρα
699 977 892 1060 προσβαλεῖ.

163 1070 219 1156 [μὴ
235 1077 318 1158 δῆτα
333 1070 459 1160 δράσῃς
473 1071 577 1140 ταύτά
592 1070 633 1160 γ’,
649 1079 805 1161 αίτοῦμαί
817 1073 850 1142 σ’
867 1072 953 1161 ἐμά]

163 1173 269 1264 ἐχθρά
282 1173 346 1264 γάρ
362 1171 528 1264 η’πιοῦσα
541 1173 688 1264 μητρυιά
705 1177 833 1254 τίκνοις

162 1292 232 1358 τοῖς
246 1274 379 1367 πρόσθ’,
397 1281 529 1365 ἐχίδνης
543 1275 647 1346 οὐδὲν
664 1274 842 1366 ἠπιωτίρα.
1002 1292 1055 1347 310

162 1381 219 1448 καὶ
233 1394 311 1459 παῖς
323 1379 386 1467 μὲν
400 1377 508 1470 άρσην
521 1376 632 1467 πατέρ’
649 1385 716 1467 ἔχει
730 1379 863 1468 πόρνον
878 1381 995 1469 μέγαν,

162 1478 254 1550 οὐδ’
272 1472 434 1551 ότέκνον
449 1510 521 1570 μοι,
539 1488 610 1563 πῶς
628 1484 827 1572 κορευθήσει
843 1491 970 1565 καλῶςς

162 1590 258 1665 ποίας
272 1591 419 1670 τυχοῦσα
432 1584 581 1672 συζύγου
596 1591 642 1675 τῷ
656 1591 704 1675 σῷ
722 1590 826 1673 πατρί
832 1615 840 1666 3

161 1686 208 1773 μή
221 1693 278 1755 σοί
287 1683 348 1755 τιν’
365 1683 508 1774 αίσχρδιν
522 1691 761 1775 προσβαλοῦσα
777 1685 926 1774 κληδόνα
1001 1699 1053 1756 315

163 1780 248 1876 ἥβης
262 1791 299 1857 ἐν
313 1784 402 1877 ἀκμῇ
419 1786 502 1868 σούς
520 1792 707 1877 διαφθείρῃ
721 1788 857 1877 γάμους.

162 1886 205 1959 οὐ
220 1890 283 1978 γάρ
297 1911 335 1959 σε
348 1890 456 1979 μήτηρ
470 1886 550 1960 οὔτε
564 1891 754 1978 νυμφεύσει
770 1891 849 1960 ποτὲ

162 1988 229 2061 οὔτ’
246 1995 283 2060 ἐν
296 1990 425 2062 τόκοισι
438 2009 524 2062 τοῖσι
538 2008 627 2063 σοῖσι
640 2003 812 2082 θαρσυνεϊ

161 2090 312 2183 παροῦό,
327 2092 367 2164 ἵν’
384 2092 487 2164 οὐδὲν
500 2095 623 2185 μητρὸς
638 2091 888 2183 εὐμενέστερον.

162 2202 218 2266 δεῖ
230 2194 294 2287 γάρ
309 2208 432 2266 θανεῖν
447 2219 504 2285 με·
525 2199 582 2267 καλ
595 2193 669 2266 τόδ’
688 2193 752 2266 οὐκ
775 2201 808 2279 ἐς
829 2193 951 2285 αὔριον
1002 2210 1049 2269 32

162 2296 239 2368 οὐδ’
260 2307 306 2379 εἰς
319 2307 435 2388 τρίτην
452 2327 509 2387 μοι
527 2297 633 2389 μηνός
646 2305 776 2389 ἔρχεται
790 2299 906 2385 κακόν,

162 2398 238 2470 ἄλλ’
254 2398 359 2471 αὐτίκ’
381 2405 418 2471 ίν
431 2416 500 2482 τοῖς
512 2396 622 2490 μηκέτ’
639 2393 716 2472 οὖσι
730 2405 872 2490 λέξομαι.

24 2563 30 2592 ,
160 2511 334 2592 χαίροντες
354 2501 618 2593 εὐφραίνοισθε·
635 2506 691 2573 καὶ
705 2507 758 2574 σοὶ
774 2508 852 2591 μέν,
870 2502 959 2589 πόσι,

161 2602 291 2694 γυναῖκ’
311 2602 452 2695 άρίστην
466 2612 535 2675 ἔστι
549 2605 718 2694 κομπάσαι
732 2614 860 2693 λαβεῖν,

162 2705 244 2795 ὑμῖν
259 2709 312 2795 δέ,
329 2713 464 2794 παῖδες,
482 2706 607 2797 μητρός
623 2709 860 2794 ἐκπεφυκέναι.
1002 2722 1053 2777 325

107 2864 115 2878 .
164 2810 299 2898 θάρσει·
313 2810 380 2900 πρὸ
395 2809 519 2880 τούτου
533 2807 596 2899 γάρ
611 2810 724 2897 λέγειν
739 2806 800 2897 οὐχ
815 2806 948 2896 ἅζομαι·

162 2912 280 3001 δράσει
294 2910 380 3000 τάδ’,
400 2922 493 3002 είπερ
507 2911 552 3001 μὴ
567 2917 706 3000 φρενῶν
722 2907 915 3000 ἁμαρτάνει.

111 3066 118 3081 .
162 3020 255 3083 ἔσται
270 3013 343 3083 τάδ’
361 3022 468 3101 ἔσται,
484 3013 529 3102 μὴ
544 3016 678 3104 τρίσης·
695 3016 767 3084 ἐπεὶ
781 3012 813 3084 δ’
834 3014 899 3102 ἐγὼ

163 3118 221 3184 καλ
235 3124 344 3200 ζῶσαν
359 3117 449 3205 είχον
464 3119 520 3185 καὶ
534 3113 682 3185 θανοῦσ’
699 3115 760 3206 ἐμὴ
775 3117 861 3207 γυνὴ

162 3218 248 3306 μόνη
261 3220 432 3308 κεκλήσει,
449 3216 562 3299 κοῦτις
577 3215 652 3287 άντλ
666 3227 729 3287 σοῦ
744 3246 824 3289 ποτε
1001 3232 1054 3285 330

161 3315 255 3390 τόνδ’
272 3318 380 3410 ἄνδρα
389 3323 507 3410 νύμφη
523 3321 686 3402 Θεσσαλλς
699 3321 979 3411 προσφθέγξεται.

49 3475 255 3486 ι--ι-

153 3526 187 3589 δν
201 3531 249 3588 καλ
264 3539 401 3602 προσεῖπε
413 3533 461 3587 κοιλ
477 3529 663 3600 προσερρήθη
678 3522 773 3588 πάλιν.
1002 3525 1054 3579 ³12
