2517 3934
546 171 803 233 ΙΠΠΟΛΥΓΟΣ

275 341 446 437 τρίτονδ,
460 340 577 430 ἐπειδή
591 335 713 409 τοισίδ’
729 332 792 405 ούκ
808 334 969 422 ἐξήνυτον
1130 339 1195 391 40⁰

277 449 415 536 Κύπριν
428 452 609 534 κρατήσαι,
622 450 808 510 κατθανεῖν
823 438 918 517 ἔδοξέ
928 463 985 522 μοι

277 550 470 639 κράτιστον,
487 544 602 624 οὐδεὶς
616 540 770 630 ἀντερεῖ,
789 538 1042 628 βουλευμάτων.

278 649 401 741 ἐμοί
363 678 428 739 γαρ
443 659 494 735 είη
508 648 590 735 μήτε
604 643 791 713 λανθάνειν
808 637 894 710 καλόι

279 754 344 843 μήτ
347 749 493 839 ἀίσχρόι
507 746 622 870 δρώση
636 744 808 868 μάρτυρας
823 738 1001 820 πολλούς’
984 764 1083 825 εχειν.

279 850 365 924 τόδ’
383 860 484 941 ἔργον
497 848 562 940 ἤδη
577 848 640 971 666
654 847 755 915 νόσον
768 872 804 913 τε
819 847 977 926 δυσκλεᾶ,
1136 852 1194 905 405

279 955 367 1044 γυνή
381 980 417 1023 τε
430 950 515 1040 πρός
527 945 636 1020 τοῖσδ’
652 939 716 1017 ούσ
721 945 954 1064 ’ἐγίγνωσκον
967 946 1095 1026 καλῶς,

281 1064 407 1146 μίσημα
420 1062 533 1124 πᾶσιν.
556 1049 610 1131 69
617 1047 730 1119 όλοιτο
746 1045 926 1133 παγκάκως

280 1156 353 1247 ήτις
368 1155 450 1245 πρὸς
465 1151 592 1242 ἄνδρας
605 1148 718 1239 ἤρξατ’
735 1147 909 1235 αἰσχύνειν
923 1146 1000 1231 λέχη

282 1258 397 1384 πρώτη
410 1262 587 1344 θυραίους.
606 1257 643 1322 ἐκ
658 1252 695 1321 δὲ
709 1257 877 1339 γενναίων
891 1246 1005 1333 δόμων

283 1357 357 1430 τόδ’
373 1351 454 1447 ηρξε
468 1364 638 1445 θηλείαισι
656 1361 837 1441 γιγνεσθοιι
851 1376 965 1417 κακον
1131 1361 1190 1413 410

283 1459 365 1581 όταν
378 1460 444 1548 γόιρ
458 1488 479 1527 α
481 1456 578 1547 ίσχρόι
590 1472 698 1525 τοῖσιν
712 1459 885 1523 ἐσθλοῖσιν
899 1454 994 1536 δοκῇ,

284 1556 306 1649 6
323 1563 428 1650 κάρτα
443 1561 533 1642 δόξει
546 1576 613 1638 τοῖς
627 1571 741 1636 κακοῖς
764 1587 786 1645 γ
787 1556 899 1623 ἐἶναι
917 1552 1011 1622 καλά.

284 1671 369 1752 μισώ
385 1664 423 1732 δὲ
437 1664 493 1732 καὶ
506 1658 564 1741 669
577 1659 757 1748 σώφρονας
771 1656 833 1745 μὲν
846 1657 883 1723 ἐν
897 1652 1019 1739 λόγοις,

285 1766 398 1855 λάθρᾳ
415 1764 453 1833 δὲ
466 1764 588 1849 τόλμας
604 1757 647 1829 ού
662 1758 765 1838 καλὰς
780 1757 992 1843 κεκτημένος.

285 1876 323 1937 αἳ
334 1874 404 1946 πώς
417 1861 503 1951 ποτ’,
518 1856 546 1933 6
560 1865 720 1933 δέσποινα
734 1866 852 1929 ποντία
866 1855 991 1943 Κύπρι,
1135 1866 1188 1921 415

286 1970 470 2056 βλέπουσιν
484 1973 531 2047 είς
545 1964 709 2055 πρόσωπα
724 1969 794 2030 τών
808 1960 1018 2041 ξυνευνετώυ

287 2065 369 2138 οὐδὲ
382 2068 505 2137 σκότον
518 2074 701 2189 φρίσσομσι
718 2062 778 2133 τὸν
795 2057 1011 2182 ξυνεργάτην

285 2171 436 2257 τεραμνα
450 2198 469 2239 τ
473 2168 595 2294 η’ῖκων
608 2165 655 2292 μή
673 2191 753 2234 ποτε
768 2160 927 2251 φθογγήν
941 2154 1030 2245 ἀφῇς

287 2268 373 2359 ἡμᾶς
385 2270 469 2395 γὰρ
464 2268 547 2339 αύτδ
562 2276 643 2338 τοῦτ
645 2264 873 2349 ’άποκτείνει,
888 2269 995 2349 φίλαι,

290 2370 334 2452 69
348 2372 457 2460 μήποτ
460 2368 640 2492 ’66666
606 2398 667 2438 606
681 2366 762 2456 ἐμόν
777 2358 952 2452 αίσχύνασ’
969 2356 1050 2445 ἁλώ,
1135 2372 1190 2425 420

287 2500 332 2561 μη
320 2468 517 2551 ἱ’παῖδας
482 2470 543 2551 069
557 2478 703 2539 ἔτικτον·
718 2465 793 2537 ἀλλ’
811 2466 988 2550 ἐλεύθεροι

291 2579 461 2694 παρρησίη
475 2572 658 2650 θάλλοντες
673 2576 800 2638 οίκοῖεν
814 2565 913 2636 πόλιν

290 2680 434 2741 κλειυώυ
449 2669 621 2757 Ἀθηνῶν,
637 2669 763 2792 μητρός
785 2666 887 2736 εἵνεκ’
910 2661 1069 2743 εύκλεεῖς.

289 2779 408 2840 δουλοῖ
419 2770 483 2858 γὰρ
497 2769 622 2856 ἄνδρα,
640 2766 706 2839 κάν
720 2764 1026 2892 θρασύσπλαγχνός
1040 2791 1090 2843 τις
1103 2752 1137 2851 ή,

287 2869 370 2940 όταν
383 2874 520 2989 ξυνειδή
533 2867 658 2956 μητρός
672 2864 695 2991 6
709 2870 835 2958 πατρὸς
853 2868 950 2939 κακά.
1138 2878 1189 2932 465

286 2971 391 3057 μόνον
407 2970 446 3036 δὲ
459 2970 558 3036 τοῦτό
572 2966 655 3055 φάθ’
673 2966 883 3055 ἁμιλλᾶσθαι
897 2976 972 3059 βίω,

286 3069 425 3156 γνώμην
438 3072 573 3135 δικαίαν
587 3065 766 3155 κάγαθήν,
783 3068 849 3161 ὅτῳ
864 3078 967 3159 παρή

285 3165 410 3244 κακούς
424 3166 462 3232 δὲ
475 3174 612 3253 θνητών
625 3167 811 3256 6666,
798 3166 882 3239 6666
898 3172 995 3260 τύχη,

284 3265 481 3352 προθεῖς’
439 3290 624 3386 κατηπτρον
637 3264 728 3338 ώστε
744 3274 909 3363 παρθένῳ
922 3275 986 3362 υέηι

282 3364 418 3450 χρόνος
434 3386 500 3450 παρ
504 3359 657 3432 ”οίσι
610 3366 736 3452 μήποτ’
756 3367 909 3459 ὀφθείην
924 3342 1002 3462 ἐγώ.
1141 3384 1193 3437 4³0
