2517 3934
564 187 763 245 ΗΛΕΚΤΡΑ

286 361 432 428 πέποιθα
447 353 497 426 δ’·
514 350 536 444 ἢ
549 353 610 445 χρὴ
625 352 747 443 μηκέθ’
764 352 922 444 ἡγεῖσθαι
935 353 1053 444 θεούς,

287 467 318 530 εἰ
330 455 439 529 τᾶδικ’
457 466 547 528 ἔσται
561 465 618 545 τῆς
633 464 728 546 δίκης
742 455 919 547 ὑπέρτερα.

235 615 242 632 .
286 569 401 650 ἔμολες
415 568 547 648 ἔμολες,
564 551 592 628 εδ
604 560 739 648 χρόνιος
752 556 869 648 ἁμέρα,

287 668 516 752 κατέλαμψας,
530 665 658 744 ἔδειξας
671 665 804 749 ἐμφανῆ

286 766 381 836 πόλει
395 762 543 852 πυρσόν,
560 760 596 843 ὃς
610 771 736 855 παλαιᾷ
750 769 845 853 φυγᾷ

287 873 436 955 πατρίων
460 868 525 935 ἀπὸ
544 866 708 953 δωμάτων
722 862 822 945 τάλας

287 966 436 1038 ἀλαίνων
451 975 520 1056 ἔβα.
536 968 574 1036 σὲ
586 967 668 1048 θεὸς
681 959 726 1036 αὖ
741 965 823 1047 θεὸς

287 1069 449 1161 ἁμετέραν
462 1099 511 1150 τις
526 1068 599 1157 ἀντι

288 1181 397 1242 νίκαν.
413 1164 441 1242 ὦ
455 1180 549 1262 φίλα,

287 1274 384 1362 ἀνεχε
399 1279 514 1364 χέρας,
530 1273 627 1361 ἀνεχε

286 1384 400 1467 λόγον,
418 1384 462 1447 ἵει
481 1377 572 1456 λιτάς
588 1381 634 1454 είς
649 1378 729 1454 τοὺς
742 1375 858 1459 θεούς,

286 1480 370 1570 τύχηι
384 1501 437 1549 σοι
449 1480 534 1570 τάχη

287 1590 489 1670 κασίγνητον
504 1585 705 1669 ἐμβατεῦσαι
719 1580 828 1649 πόλιν.
1129 1596 1185 1650 595

231 1737 238 1752 .
286 1682 370 1752 εἶεν·
388 1691 487 1770 φίλας
501 1683 563 1771 μὲν
577 1679 701 1770 ἡδονάς
715 1678 939 1768 ἀσπασμάτων

287 1792 367 1873 έχω,
382 1786 493 1877 χρόνῳ
508 1786 546 1855 δὲ
561 1774 687 1864 καῦθις
700 1779 788 1852 αάτά
802 1783 964 1869 δαίσομεν.

285 1886 329 1956 σὺ
345 1884 390 1975 δ’,
408 1878 435 1956 ὦ
449 1889 566 1975 γεραιέ
571 1939 580 1973 ,
595 1894 724 1974 καίριος
739 1884 803 1975 γὰρ
817 1882 954 1973 ἤλυθες,

285 1991 395 2076 λέξον,
413 1997 448 2058 τί
460 1995 553 2078 δρῶν
569 1983 612 2058 ἀν
626 1990 734 2077 φονέα
748 1995 905 2075 τισαίμην
924 1985 1048 2075 πατρὸς

286 2094 453 2180 μητίρατε
466 2090 528 2178 τὴν
541 2089 710 2159 κοινωνὸν
724 2087 873 2158 ἀνοσίων
886 2088 1020 2176 γάμων;
1127 2107 1184 2161 600

285 2200 376 2262 ἔστιν
390 2202 426 2262 τί
436 2221 492 2281 μοι
506 2190 580 2262 κατ’
591 2189 714 2281 ’Ἇρχος
730 2188 867 2279 εὐμενὲς
880 2199 1009 2280 φίλων;

285 2289 307 2382 ἦ
321 2292 420 2364 πάντ’
437 2291 717 2382 ἀνεσκευάσμεθ’,
734 2291 845 2383 ὥσπερ
859 2299 897 2362 αί
910 2292 1023 2380 τύχαις

285 2403 331 2489 τῷ
345 2400 574 2486 συγχένωμαις
589 2397 703 2484 νύχιος
717 2392 739 2484 ἦ
752 2394 834 2465 καθ’
849 2392 992 2485 ἡμέρως

285 2506 386 2568 ποίαν
400 2497 482 2569 ὁδὸν
496 2497 692 2588 τραπώμεθ’
711 2506 758 2579 είς
772 2497 916 2587 ἐχθροὺς
929 2496 1043 2585 έμοάς;

232 2655 238 2668 .
286 2593 313 2669 ὦ
327 2604 455 2688 τέκνον,
473 2599 586 2682 οὐδεὶς
601 2607 831 2689 δυστυχοῦντί
843 2621 896 2669 σοι
912 2607 1019 2687 φίλος.
1125 2618 1180 2672 605

288 2700 416 2794 εὕρημα
430 2703 495 2793 γάρ
509 2702 547 2774 τὸ
560 2711 671 2794 χρῆμα
685 2711 836 2792 γίγνεται
849 2702 937 2789 τόδε,

285 2813 382 2896 κοινῇ
396 2823 572 2894 μετασχεῖν
586 2804 740 2894 τάγαθοῦ
754 2807 886 2875 καὶτοῦ
899 2811 1016 2873 κακοῦ.

285 2906 328 2976 σε)
344 2905 391 2994 δ’,
406 2913 442 2978 ἐκ
456 2911 600 3000 βάθρων
613 2908 678 2998 γὰρ
693 2916 757 2991 πᾶς
770 2905 1060 3076 ἀνῄρησαηᾼηκᾎλοις

285 3007 361 3078 οὐδ’
378 3014 570 3092 ἐλλέλοιπας
585 3010 708 3098 ἐλπίδ’,
724 3020 798 3080 ίσθι
811 3037 878 3097 μου
892 3037 912 3076 κ
935 3037 1017 3093 οων,

285 3115 322 3180 έν
335 3115 422 3200 χειρὶ
435 3121 476 3202 τῇ
489 3121 531 3203 σῇ
546 3111 645 3184 πάντ’
662 3122 746 3202 ἔχεις
759 3107 816 3181 καλ
828 3119 868 3202 τῇ
882 3111 965 3201 τάχη
1126 3127 1178 3181 610

285 3223 442 3308 πατρῷον
456 3215 550 3286 οἷκον
563 3219 620 3287 καλ
635 3217 734 3286 πόλιν
748 3223 865 3302 λαβεῖν
878 3217 992 3283 σέθεν.

173 3324 238 3384 ΟΡ.
285 3326 320 3386 τί
334 3325 417 3408 δῆτα
431 3325 578 3409 δρῶντες
592 3317 687 3388 τοῦδ’
705 3315 747 3388 ἀν
762 3321 967 3403 ἕξικοίμεθας

170 3425 238 3487 ΠΡ.
284 3420 416 3491 κτανὼν
432 3425 582 3491 Θυέστου
597 3427 700 3491 παίδα
714 3419 777 3507 σήν
790 3446 827 3487 τε
839 3420 974 3506 μητέρα.

173 3525 238 3585 ΟΡ.
284 3517 355 3607 ἥκω
367 3517 418 3592 ’πὶ
431 3524 529 3593 τόνδε
543 3526 727 3610 στέφανον·
743 3517 828 3589 ἀλλά
842 3527 911 3598 πῶς
928 3518 1035 3607 λάβως
