2517 3934
140 172 200 240 138

180 371 262 425 νους
280 340 333 413 ὑπ’
350 339 455 431 αὐτῆς
469 348 505 412 ἐν
515 339 599 435 Ἰλίφ
614 344 716 431 δείξη.
746 339 871 429 εἰσάγει
886 340 923 409 δί
938 345 1149 431 καὶτήςσκη-

181 453 241 533 νής
254 450 354 515 ἔνδον
369 452 508 515 εἰποῦσα
529 441 573 524 ὦς
594 446 651 512 καί
671 439 751 532 ἕτερ’
777 440 858 511 άττα
878 443 980 513 δώσει
1000 445 1152 535 χρήματα

180 544 254 636 μεθ’
271 539 319 616 ὧν
338 550 457 635 ἐξῆλθε
476 554 534 635 της
556 553 687 634 Τροίας.
729 541 769 613 δν
789 547 846 613 καὶ
867 547 1064 615 εἰσελθόντα
1084 545 1155 615 σὺν

181 664 251 729 ταῖς
257 652 422 738 γυναιξίν,
431 640 480 717 ὦν
487 655 617 735 πλήθος
624 652 725 717 ἔνδον
732 646 925 736 ἐκρύπτετο,
939 645 1152 736 τωνόφθαλ-

158 776 173 826 5
181 758 255 839 μῶν
269 778 305 820 τε
319 767 432 840 στερεῖ
442 753 499 820 καί
513 749 554 818 τά
568 752 669 818 τέκνα
683 745 788 818 αὐτοῦ
804 747 1023 837 ἀποσφάττει.
1053 751 1152 820 δικά-

183 873 302 934 σαντος
316 853 353 922 δί
367 850 492 932 αὐτοὺς
510 858 571 920 τοῦ
582 848 828 940 Ἀγαμέμνονος
847 847 992 942 ὕστερον
1010 854 1068 921 καί
1087 861 1152 921 τοῦ

181 954 442 1044 Πολυμήστορος
466 951 572 1024 πολλά
599 955 677 1042 περὶ
703 959 761 1040 τής
787 960 920 1042 σφαγῆς
938 952 1152 1042 Πολυδώρου

183 1059 472 1144 διαπλασαμένου,
488 1052 608 1143 Ἑκάβη
633 1056 844 1143 περιεγένετο
865 1057 1023 1143 ἐλέγξασα
1044 1053 1153 1125 αὐτὸν

183 1153 227 1236 ὦς
240 1165 301 1226 τοῦ
314 1165 444 1246 χρυσοῦ
457 1157 556 1247 χάριν
570 1160 627 1225 καί
641 1154 703 1244 οὐχ
718 1148 767 1225 ὦν
780 1156 960 1244 προύτεινε
973 1156 1033 1226 τὸν
1045 1164 1152 1227 παῖδα

144 1258 311 1345 Ιοάνεῑλε,
327 1259 512 1347 σύμψηφον
526 1265 649 1346 ἔχουσα
662 1260 720 1327 καί
730 1255 969 1347 Ἀγαμέμνονα.

293 1359 314 1450 ή
332 1361 394 1448 μίν
408 1359 515 1448 σκηνή
529 1367 590 1429 τοῦ
605 1360 772 1449 δράματος
785 1357 962 1429 ὑπόκειται
982 1364 1018 1430 ἐν
1032 1368 1073 1450 τῇ
1087 1357 1153 1429 άν-

182 1469 321 1551 τιπέραν
333 1471 392 1551 τῆς
406 1463 540 1552 Θρᾴκης
553 1463 774 1554 Χερρονήσῳ·
794 1458 812 1530 ὁ
827 1463 864 1532 δὲ
874 1460 975 1551 χορὸς
984 1465 1151 1551 συνίστη-

182 1592 242 1634 κεν
260 1568 296 1634 ἐκ
317 1571 489 1653 γυναικῶν
510 1569 764 1651 αἰχμαλωτίδων
782 1564 953 1657 Τρῳάδων
975 1586 1151 1652 συμμαχη-

183 1673 317 1736 σουσῶν
335 1663 515 1756 τήἙκάβη.

140 1997 172 2050 st
555 1974 778 2034 ΑΛΛΩΣ

284 2166 382 2237 Μετὰ
397 2165 459 2255 τήν
469 2164 568 2236 Ἰλίου
583 2176 783 2258 πολιορκίαν
796 2172 832 2235 οἰ
848 2167 910 2255 μὲν
922 2165 1082 2256 Ἕλληνες
1103 2174 1150 2248 εἰς
1220 2213 1226 2217 -

183 2298 245 2359 την
272 2267 455 2358 άντιπίραν
479 2274 637 2361 Τρῳάδος
658 2268 877 2361 Χερρόνησον
900 2278 1151 2358 καθωρμίσθη-

182 2394 261 2442 σαν·
299 2368 468 2460 Ἀχιλλεάς
490 2370 528 2440 δὲ
546 2370 669 2453 νυκτὸς
696 2369 834 2461 ὁραθείς
860 2380 1030 2461 σφαγῆναι
1052 2369 1150 2460 ήξίου

183 2482 264 2564 μίαν
277 2481 346 2543 τῶν
358 2473 516 2564 Πριάμου
531 2477 743 2564 θυγατέρων.
782 2479 818 2541 οἰ
833 2474 895 2562 μὲν
914 2467 979 2543 οὖν
989 2470 1150 2561 Ἕλληνες

139 2597 174 2648 20
185 2582 346 2663 τιμῶντες
359 2575 420 2645 τὸν
432 2572 527 2666 ήρωα
536 2580 734 2664 Πολυξένην
748 2574 999 2656 ἀποσπάσαντες
1008 2573 1149 2663 Ἑκάβης

182 2682 400 2766 ἐσφαγίασαν.
437 2677 670 2765 Πολυμήστωρ
699 2680 736 2747 δὲ
756 2675 774 2748 ὁ
795 2685 865 2746 τῶν
885 2685 1029 2770 Θρᾳκῶν
1049 2685 1149 2766 βασι-

182 2778 260 2859 λεὺς
274 2783 334 2848 ἕνα
347 2780 839 2870 τοῖυΠριαμιδολνΠολύδωρον
853 2783 1070 2870 κατέσφαξεν.
1099 2786 1149 2848 εἰ-

182 2879 283 2970 λήφει
303 2883 341 2951 δὲ
361 2889 482 2951 τοῦτον
501 2880 592 2970 παρὰ
614 2889 675 2950 τοῦ
694 2881 851 2971 Πριάμου
876 2878 894 2950 ὁ
914 2879 1148 2970 Πολυμήστωρ

184 2990 230 3063 εἰς
244 2984 531 3071 παρακαταθήκην
550 2982 634 3071 μετά
653 2985 840 3074 χρημάτων.
869 2981 1014 3072 άλοάσης
1033 2986 1072 3052 δὲ
1090 2991 1148 3070 τῆς

141 3085 327 3172 κόπόλεως,
352 3099 529 3172 κατασχεῖν
551 3083 658 3154 αὐτοῦ
685 3083 892 3173 βουλόμενος
916 3085 976 3155 τὸν
999 3092 1148 3155 πλοῦτον

184 3186 344 3275 φονεύειν
358 3183 514 3276 άὶρμησεν
527 3189 583 3256 καί
591 3195 707 3276 φιλίας
717 3194 904 3276 δυστυχοῦς
920 3187 1146 3276 ὠλιγώρησεν.

182 3291 377 3376 ἐκριφέντος
391 3290 428 3358 δὲ
441 3289 664 3376 τοῦσώματος
679 3296 725 3370 εἰς
738 3288 800 3379 τήν
809 3291 994 3376 θάλασσαν,
1010 3287 1047 3357 τὸ
1062 3298 1147 3356 κλυ-

183 3388 308 3459 δώνιον
323 3389 405 3479 πρὸς
419 3389 476 3470 τάς
488 3397 556 3458 τῶν
570 3396 823 3479 αἰχμαλωτίδων
833 3390 958 3480 σκηνάς
964 3389 1069 3460 αὐτὸν
1076 3392 1146 3472 ἐξέ-

183 3499 295 3578 βαλεν.
320 3488 439 3581 Ἑκάβη
453 3492 491 3562 δί
506 3491 566 3561 τὸν
578 3491 901 3583 νεκρόνθεασαμένη
912 3496 1057 3583 ἐπέγνω·
1072 3519 1143 3560 κοι·
