2517 3934
526 209 723 268 HAEKTPA

234 376 392 465 μολόντες
406 373 544 464 άνδρός·
559 376 693 467 καὶγὰρ
710 385 741 446 εἰ
756 379 857 466 πένης
871 386 970 469 έφυν,

235 475 330 548 οῶτοι
343 477 381 546 τό
393 473 421 562 γ’
433 469 518 566 ήθος
531 481 691 567 δυσγενὲς
704 481 898 568 παρέξομαι.

119 589 187 651 ΟΡ.
233 577 317 668 πρὸς
330 586 440 666 θεῶν,
456 576 508 649 ὅδ’
527 576 612 669 ἁνήρ
634 577 671 661 ὃς
684 583 922 651 συνεκκλέπτει
937 582 1064 671 γάμους

182 692 184 696 ’
234 679 313 761 τοὺς
327 681 423 768 σούς,
434 679 592 770 Ὀρέστην
605 679 648 752 οὐ
661 682 897 769 καταισχύνειν
909 687 1041 768 θέλωνς
1070 701 1122 757 333

118 791 194 852 ΗΛ.
234 773 330 862 οὗτος
343 785 500 871 κέκληται
515 784 610 864 πόσις
623 783 701 872 ἐμὸς
714 792 772 872 τῆς
785 780 917 866 άθλίας.

121 893 188 954 ΟΡ.
236 891 320 972 φεῦ·

236 983 299 1054 οὐκ
314 981 382 1054 ἔστ’
399 981 534 1073 άκριβδς
549 981 651 1054 οὐδὲν
665 991 712 1065 είς
727 984 928 1078 εὐανδρίαν·

235 1095 348 1174 έχουσι
361 1085 426 1175 γὰρ
440 1084 611 1175 ταραγμὸν
625 1091 663 1154 αί
674 1087 794 1174 φάσεις
807 1098 951 1178 βροτῶν.

234 1185 299 1276 ήδη
316 1185 380 1276 γάρ
395 1186 486 1257 εἶδον
500 1195 608 1259 παῖδα
621 1195 781 1274 γενναίου
795 1189 920 1279 πατρός

234 1288 271 1358 τὸ
285 1289 392 1376 μηδὲν
405 1286 502 1375 ὄντα,
515 1288 640 1377 χρηστὰ
655 1287 687 1358 δ’
704 1293 741 1359 έκ
754 1299 870 1360 κακῶν
883 1295 994 1381 τέκνα,
1071 1311 1123 1368 370

237 1390 336 1514 λιμόν
348 1387 379 1458 τ’
397 1394 434 1459 έν
447 1387 572 1479 άνδρός
586 1397 751 1461 πλουσίαν
766 1394 965 1482 φρονήματι,

196 1509 202 1525 ’
218 1570 222 1580 ,
236 1491 373 1583 γνῶμην
388 1493 426 1562 δὲ
440 1492 589 1580 μεγάλην
603 1495 641 1562 ἐν
654 1495 771 1582 πένητι
784 1495 920 1583 σάματι.

237 1601 307 1675 πῶς
321 1585 386 1663 οὖν
398 1622 448 1674 τις
461 1591 548 1663 αὐτα
534 1591 733 1684 διαλαβῶν
748 1593 861 1685 ὀρθῶς
874 1614 1000 1688 κρινεῖς

237 1695 390 1789 πλοότφ·
380 1703 542 1787 ,πονηρῶ
556 1694 589 1784 γ’
606 1687 672 1822 άρα
685 1698 842 1823 γρήσεται
855 1708 970 1790 κριτή·

236 1793 339 1885 ήτοῑς
356 1805 468 1885 έχουσι
481 1800 603 1886 μηδέν;
619 1795 694 1868 ἀλλ’
711 1807 778 1887 ἔχει
792 1800 895 1871 νόσον
1071 1817 1122 1874 375

236 1906 351 1987 πενία,
366 1900 518 1969 διδάσκει
533 1898 565 1969 δ’
583 1897 692 1989 άνδρα
705 1929 746 1991 τη
732 1909 855 1995 χρεία
868 1905 983 1974 κακόν.

235 1997 311 2070 ἀλλ’
329 2007 376 2081 είς
393 1998 469 2071 ὅπλ’
480 2000 610 2086 ἐλθῶν;
628 2009 678 2083 τίς
697 2003 735 2072 δέ
752 2005 837 2094 πρός
856 2007 983 2095 λόγχην
999 2005 1133 2094 βλέπων

236 2102 362 2192 μάρτυς
376 2099 498 2192 γένοιτ’
518 2099 561 2171 άν
574 2099 664 2182 ὅστις
678 2104 769 2171 ἐστὶν
782 2100 928 2190 άγαθόςς

235 2205 412 2292 κράτιστον
426 2211 499 2293 είκῇ
514 2199 602 2273 ταῦτ’
620 2205 680 2272 ἐάν
693 2200 868 2292 άφειμένα.

233 2297 332 2386 οὗτος
349 2304 413 2395 γάρ
428 2301 513 2395 ἁνήρ
530 2301 602 2375 οὔτ’
621 2308 659 2374 έν
673 2302 835 2395 Ἀργείοις
848 2308 950 2394 μέγας
1072 2323 1124 2379 330

236 2404 308 2477 οὔτ’
326 2399 370 2476 αὖ
384 2407 519 2495 δοκήσει
534 2407 697 2495 δωμάτων
711 2405 920 2495 ῶγκωμένος,

236 2513 274 2579 έν
288 2524 357 2591 τοῖς
370 2536 406 2577 τε
423 2518 558 2591 πολλοῖς
575 2505 623 2579 ῶν
637 2505 769 2598 άριστος
779 2506 920 2598 ηὑρέθη.

128 2661 131 2666 ,
235 2609 277 2680 06
291 2608 335 2698 μή
350 2607 550 2699 φρονήσεθ’,
571 2618 606 2680 οδ
617 2618 728 2680 κενῶν
741 2611 956 2698 δοξασμάτων

237 2712 373 2801 πλήρεις
387 2720 573 2800 πλανᾶσθε,
593 2719 634 2801 τῇ
648 2709 680 2780 δ’
697 2709 811 2802 ὁμιλία
823 2711 966 2800 βροτοὺς

237 2829 383 2902 κρινεῖτε
395 2817 453 2883 καλ
464 2830 534 2895 τοις
547 2811 670 2901 ήθεσιν
683 2811 763 2893 τούς
777 2809 941 2900 εὐγενεϊςς
1072 2827 1123 2885 383

239 2919 274 2984 oc
284 2913 349 3005 γὰρ
363 2921 485 2985 τοιοίδε
499 2915 557 2995 τὰς
570 2915 684 2994 πόλεις
697 2921 849 2983 οἰκοῦσιν
864 2904 905 2983 εὖ

238 3018 295 3085 καί
311 3014 457 3105 δώμαθ’,
474 3023 512 3086 αλ
526 3016 564 3086 δὲ
577 3016 698 3103 σάρκες
710 3021 748 3085 αί
760 3018 855 3086 κεναὶ
870 3023 1007 3106 φρενῶν

237 3115 398 3206 ἀγάλματ’
415 3115 539 3207 άγοράς
554 3114 743 3187 scam-0666
756 3116 820 3209 γάρ
836 3119 921 3207 δόρυ

237 3226 365 3307 μᾶλλον
378 3227 527 3308 βραχίων
541 3217 708 3306 σθεναρός
722 3217 892 3300 άσθενοῶς
905 3222 1013 3307 μένει·

238 3325 276 3390 ἐν
287 3329 328 3410 τῇ
342 3318 445 3409 φύσει
458 3323 496 3390 δὲ
509 3329 606 3391 τοῦτο
619 3318 684 3391 κάν
698 3319 853 3412 εὐψυχίᾳ.
1072 3337 1124 3390 390

238 3417 312 3490 ἀλλ’
330 3421 419 3505 α”ξιος
433 3421 495 3513 γάρ
510 3419 530 3492 ὅ
544 3450 580 3493 τε
594 3421 712 3512 παρῶν
726 3419 746 3493 ὅ
759 3419 783 3490 τ’
799 3419 840 3491 οὐ
855 3419 973 3510 παρεόν

235 3519 478 3612 ’Λγαμέμνονος
492 3540 585 3612 παίς,
601 3516 707 3612 οὗπερ
726 3519 830 3611 εἵνεχ’
851 3520 988 3611 ἥκομεν,
