2517 3934
476 183 734 242 ΙΠΠΟΛΥΤΟΣ

213 353 357 443 κρύπτε·
373 348 447 420 κατ’
468 347 579 420 ὅσσων
595 350 704 441 δάκρυ
720 379 776 439 μοι
789 359 911 443 βαίνει,
1056 369 1108 425 245

214 457 271 523 καὶ
284 450 338 523 ἐπ’
354 450 519 540 αἰσχύναν
533 448 622 541 ὄμμα
636 456 824 541 τέτραπται.

213 556 251 626 τὸ
266 554 330 646 γάρ
344 551 537 643 ὀρθοῦσθαι
551 555 689 643 γυῶμαν
704 552 822 650 ύδυνᾷ,

214 656 250 727 τὸ
266 659 303 727 δέ
316 654 520 746 μαινόμενον
535 658 656 727 κακόν·
685 654 769 726 ἀλλά
782 674 900 747 κρατεῖ

214 757 259 848 μὴ
274 756 494 848 γιγνώσκοντ’
510 756 709 829 ἀπολέσθαι.

158 916 165 929 .
214 862 369 950 κρύπτω·
384 859 422 930 τὸ
437 856 470 928 δ’
486 858 569 949 έμὸν
581 861 661 931 πότε
675 858 717 947 δὴ
732 860 879 944 θάνατος

213 970 308 1052 σῶμα
320 963 480 1044 καλύψεις

214 1065 321 1134 πολλά
335 1064 487 1134 διδάσκει
500 1060 535 1152 μ’
551 1061 570 1133 δ
584 1062 690 1144 πολύς
703 1070 823 1151 βίοτος.

214 1173 299 1255 χρῆν
312 1165 377 1255 γάρ
391 1174 527 1255 μετρίας
542 1172 589 1244 είς
602 1162 769 1253 ἀλλήλους

214 1277 328 1356 φιλίας
341 1268 489 1357 θνητούς
503 1264 749 1356 ἀνακίρνασθαι

214 1373 270 1439 καὶ
284 1370 329 1459 μὴ
345 1369 429 1458 πρὸς
442 1368 548 1459 άκρον
561 1368 687 1458 μυελὸν
700 1377 818 1458 ψυχῆς,

215 1469 339 1541 εύλυτα
354 1472 388 1541 δ’
404 1472 491 1541 εἶναι
504 1475 697 1562 στέργηθρα
711 1478 849 1561 φρενῶν

213 1572 279 1643 άπύ
293 1572 323 1643 τ’
341 1572 495 1643 ῶσασθαι
508 1576 566 1643 καὶ
579 1577 759 1655 ξυντεῖναι.

211 1675 249 1745 τὸ
263 1673 295 1745 δ’
311 1673 398 1765 ύπέρ
412 1683 539 1745 δισσῶν
554 1683 636 1764 μίαν
650 1673 788 1745 ὠδίνειν

211 1776 324 1865 ψυχὴν
336 1777 482 1865 χαλεπὸν
495 1778 614 1869 βάρος,
632 1775 676 1858 ῶς
690 1775 781 1866 κάγῶ

212 1877 308 1968 τῆσδ’
323 1877 514 1969 ὑπεραλγῶ.

211 1982 327 2070 βιότου
343 1979 377 2050 δ’
394 1980 544 2072 ἀτρεκεῖς
558 1979 786 2068 ἐπιτηδεύσεις

211 2086 295 2171 φασὶ
311 2082 474 2171 σφάλλειν
489 2085 592 2152 πλέον
605 2077 628 2169 ἢ
642 2084 777 2171 τέρπειν

210 2191 250 2274 τῇ
263 2181 295 2253 τ’
315 2181 433 2272 εύσοίᾳ
447 2191 575 2271 μᾶλλον
588 2192 756 2271 πολεμεῖν.

152 2335 154 2338 v
212 2282 300 2355 οὕτω
313 2283 352 2354 τὸ
366 2293 443 2356 λίαν
455 2276 562 2373 ἧσσον
575 2289 701 2355 ἐπαινῶ

212 2394 273 2456 τού
288 2387 395 2475 μηδὲν
409 2384 511 2475 άγαν·

211 2491 267 2557 καί
280 2486 491 2576 ξυμφήσουσι
505 2495 609 2576 σοφοί
618 2516 685 2577 μοι.

97 2598 167 2660 XO.
209 2590 310 2678 γύναι
324 2591 458 2678 γεραιά,
473 2596 644 2678 βασιλίδος
657 2588 757 2679 πιστὴ
772 2592 878 2680 τροφέ

210 2698 375 2781 Φαίδρας,
390 2689 458 2779 ὁρῶ
472 2691 534 2779 μέν
545 2693 647 2761 τάσδε
661 2693 849 2780 δυστήνους
861 2695 973 2783 τύχας,

211 2791 321 2882 άσημα
337 2791 369 2862 δ’
388 2791 468 2881 ἡμῖν
480 2790 552 2881 ἥτις
565 2798 656 2864 ἐστὶν
670 2792 691 2883 ἡ
704 2795 821 2876 νόσος·

210 2902 274 2963 σού
288 2891 316 2963 δ
333 2891 376 2963 ἀν
385 2898 560 2965 πυθέσθαι
568 2899 626 2965 καὶ
635 2898 753 2967 κλύειν
766 2897 961 2988 βουλοίμεθ’
977 2897 1031 2970 άν.
1049 2917 1100 2973 270

98 3004 160 3065 TP.
207 2993 270 3066 ούκ
285 2994 350 3065 οἷδ’
367 3001 538 3085 ἐλέγχους·
555 2995 596 3068 ού
610 2998 674 3089 γάρ
689 3002 842 3069 ἐννέπειν
857 3005 961 3072 θέλει.

93 3107 128 3167 Χ
128 3106 167 3166 Ο.
208 3094 285 3168 οὐδ’
300 3096 373 3187 ἥτις
386 3097 469 3186 ἀρχὴ
485 3105 592 3169 τῶυδε
605 3102 766 3189 πημάτων
781 3108 866 3186 ἔφυς

98 3208 162 3270 ΤΡ.
211 3207 258 3281 είς
271 3198 396 3269 ταύτδν
409 3198 516 3289 ἥκεις·
531 3202 640 3271 πάντα
654 3202 718 3295 γάρ
732 3210 811 3295 σιγᾷ
824 3205 913 3275 τάδε.

92 3311 166 3371 XO.
207 3299 252 3382 ῶς
265 3299 408 3372 ἀσθενεῖ
418 3330 454 3372 τε
467 3305 524 3372 καὶ
536 3307 732 3387 κατέξανται
745 3305 855 3393 δέμας.

97 3412 160 3473 ΤΡ.
206 3412 277 3484 πῶς
293 3402 326 3473 δ’
344 3402 403 3492 ού,
418 3413 569 3493 τριταίαυ
583 3398 660 3476 ούσ’
676 3404 786 3486 άσιτος
798 3403 946 3499 ἡμέρανς
1049 3424 1100 3481 275

97 3514 166 3574 ΧΟ.
207 3506 350 3590 πότερον
364 3503 424 3575 ἀπ’
440 3502 519 3595 άτης
532 3504 555 3595 ἢ
568 3518 690 3579 θανεῖν
703 3512 910 3599 πειρωμένη;
