2517 3934
466 184 672 290 ικκεεαεε
1006 227 1069 293 005

175 405 248 473 ἐπεὶ
262 398 294 471 δ’
313 399 428 491 ιἰγῦνα
441 405 499 471 καὶ
514 399 557 470 σῦ
572 398 666 470 τόνδ’
681 398 851 490 ἠγωνίσω,

175 501 295 575 άκου’·
311 501 455 593 ἅμιλλαν
468 501 532 591 γὰρ
546 501 590 572 σύ
604 504 804 591 προύθηκας
817 504 938 594 λόγων.

175 606 280 676 οὐδὲν
292 605 465 691 τυράννου
479 608 745 694 δυσμενέστερον
759 606 865 693 πόλει,

174 705 263 778 ὅπου
276 706 314 777 τὸ
330 709 392 795 μὲν
407 707 596 795 πρώτιστον
609 704 673 775 οῦκ
689 709 774 776 είσλν
788 704 888 796 νόμοι
1017 725 1069 779 430

175 816 302 897 κοινοί,
318 824 436 896 κρατεῖ
447 806 480 878 δ’
498 805 545 890 εἷς
558 808 618 879 τόν
629 810 735 898 νόμον
748 814 949 899 κεκτημένος

176 909 279 992 αὐτὸς
291 908 371 998 παρ’
388 907 498 1002 αύτῷ,
515 913 572 980 καὶ
585 907 658 979 τόδ’
675 906 788 980 οὐκέτ’
805 910 872 983 ἐστ’
889 923 973 983 ἴσον.

174 1016 416 1103 γεγραμμένων
429 1014 467 1082 δὲ
482 1020 551 1081 τῶν
563 1013 678 1100 νόμων
692 1009 712 1082 ὅ
724 1010 754 1081 τ’
771 1010 918 1103 άσθενὴς

173 1112 193 1185 ό
206 1114 365 1194 πλούσιός
377 1142 414 1183 τε
426 1114 488 1202 τὴν
502 1121 602 1201 δίκην
617 1124 695 1203 ι’σην
709 1122 786 1202 ἔχει,
1017 1132 1070 1187 434

174 1224 254 1307 νικᾷ
268 1213 300 1285 δ’
317 1214 335 1285 ό
348 1224 455 1304 μείων
468 1214 528 1285 τόν
541 1220 647 1305 μέγαν
661 1215 765 1285 δίκαι’
782 1226 877 1304 ἔχων.

173 1315 405 1406 τούλεύθερον
421 1316 454 1386 δ’
471 1321 597 1387 ἐκεῖνο·
627 1326 677 1399 τίς
692 1321 786 1388 θέλει
800 1319 896 1388 πόλει

173 1421 320 1509 χρηστόν
332 1448 364 1488 τι
378 1417 541 1507 βούλευμ’
560 1426 607 1501 είς
620 1422 724 1508 μέσον
738 1424 857 1509 φέρειν
870 1430 972 1509 ἔχωνς

173 1524 230 1605 καὶ
242 1519 339 1591 ταῦθ’
357 1518 375 1590 ὁ
389 1521 520 1611 χρῄζων
533 1522 683 1610 λαμπρός
697 1521 780 1610 ἐσθ’,
795 1520 813 1592 ὁ
828 1521 872 1612 μὴ
887 1524 1000 1592 θέλων
1017 1539 1069 1593 440

174 1630 264 1715 σιγᾷ.
291 1632 327 1692 τί
338 1623 468 1692 τούτων
482 1621 549 1693 ἐστ’
567 1630 737 1713 ἰσαίτερον
751 1625 865 1708 πόλεις

173 1728 231 1795 καὶ
244 1724 313 1814 μὴν
326 1722 413 1795 ὅπου
426 1753 465 1813 γε
480 1732 583 1814 δῆμος
598 1722 767 1815 αὐθέντης
780 1727 915 1814 χθονός,

173 1823 322 1897 ὑποῦσιν
334 1824 445 1906 ἀστοῖς
458 1825 574 1914 ἥδεται
586 1834 754 1908 νεανίαις·

173 1925 259 2017 άνὴρ
275 1929 313 1997 δὲ
326 1927 484 2017 βασιλεῦς
500 1926 638 2015 [ἐχθρόν
655 1926 784 2013 ἡγεῖται
799 1928 878 1997 τόδε

173 2028 324 2109 καὶτοὺς
337 2026 507 2120 ἀρίστους]
527 2029 587 2112 οῦς
604 2028 648 2101 ἄν
665 2032 782 2121 ἡγῆται
798 2048 940 2121 φρονεῖν
1015 2049 1067 2104 445

172 2139 314 2218 κτείνει,
330 2130 491 2212 δεδοικώς
503 2138 561 2218 τῆς
574 2138 776 2220 τυραννίδος
789 2136 876 2220 πέρι.

173 2240 244 2313 πῶς
260 2224 324 2302 οῦν
339 2230 385 2302 ἐτ’
403 2229 446 2301 ἂν
459 2230 583 2320 γένοιτ’
600 2229 644 2301 ἄν
658 2232 778 2322 ἰσχυρὰ
792 2234 898 2320 πόλις,

175 2331 257 2403 ὅταν
270 2362 320 2415 τις
334 2331 379 2414 ῦς
393 2342 557 2421 λειμῶνος
569 2333 693 2423 ἠρινοῦ
707 2334 834 2422 στάχυν

172 2437 295 2524 τόλμας
309 2433 438 2526 ἀφαιρῇ
452 2433 659 2527 κάπολωτίζη
673 2440 789 2520 νέουςς

172 2545 317 2607 κτᾶσθαι
331 2538 369 2607 δὲ
382 2545 530 2607 πλοῦτον
542 2541 599 2607 καὶ
613 2548 692 2627 βίον
704 2546 740 2608 τί
752 2546 807 2609 δεῖ
817 2542 956 2627 τέκνοις,
1014 2557 1068 2612 400

173 2637 219 2719 ῦς
232 2646 279 2731 τῷ
292 2639 448 2731 τυράννῳ
462 2636 590 2709 πλείον’
607 2644 756 2731 ἐκμοχθῇ
770 2650 864 2731 βίους

171 2738 194 2829 ἢ
207 2742 436 2830 παρθενεύειν
449 2748 570 2822 παῖδας
584 2745 621 2810 ἐν
636 2743 751 2830 δόμοις
764 2751 874 2824 καλῶς

173 2840 317 2931 τερπνὰς
329 2841 509 2931 τυράννοις
521 2840 663 2932 ἡδονάς,
678 2841 759 2913 όταν
775 2847 872 2935 θέλη,
985 2840 994 2864 ‘¹

173 2944 306 3031 δάκρυα
322 2942 355 3014 θ’
372 2944 597 3031 ἑτοιμάζουσις
611 2943 657 3034 μὴ
671 2946 760 3037 ζχόην
773 2952 833 3033 ἐτι,

175 3052 207 3114 εί
217 3042 304 3132 τάμά
318 3049 418 3115 τέκνα
434 3046 518 3134 πρὸς
530 3054 610 3135 βίαν
618 3047 839 3137 νυμφεύεται.
1013 3065 1065 3119 455

174 3149 232 3217 καὶ
244 3154 350 3216 ταῦτα
363 3149 426 3235 μὲν
440 3147 481 3234 δὴ
497 3147 580 3236 πρὸς
594 3147 668 3218 τάδ’
687 3150 891 3238 ἐξηκόντισα.

173 3247 267 3336 ἥκεις
280 3248 319 3318 δέ
333 3248 374 3335 δὴ
390 3256 426 3317 τί
437 3256 538 3338 τῆσδε
550 3257 612 3339 γῆς
625 3253 844 3341 κεχρημένοςς

173 3359 302 3424 κλαίων
315 3347 348 3438 γ’
364 3346 407 3420 άν
420 3342 540 3439 ἦλθες,
556 3362 589 3421 ελ
600 3373 638 3421 σε
651 3351 696 3441 μὴ
714 3350 866 3440 ’πεμψεν
878 3352 984 3440 πόλις,

175 3508 250 3565 ἐστιν
267 3508 296 3566 δ’
315 3508 441 3568 ἐνισπεῖν
458 3507 559 3568 τοῖσιν
569 3509 783 3583 ἀσθενεστέροις
1011 3522 1066 3572 435

172 3577 224 3633 τόν
242 3576 415 3651 εὐτυχοῦντα
433 3576 530 3648 ταῦθ’,
549 3575 619 3637 ὅταν
633 3580 704 3655 κλύη
724 3584 825 3646 κακοῖς.

142 3673 234 3717 πτειν.
254 3676 318 3717 νοτ.
340 3662 362 3716 l.
858 3656 899 3718 25
