2517 3934
614 201 776 261 BAKXAI

301 372 428 462 λύπης,
443 363 526 438 ὅταν
540 374 741 459 πλησθῶσιν
754 365 907 457 ἀμπέλου
921 373 1011 460 βοῆς,

301 473 412 546 ὕπνον
426 499 462 541 τε
475 471 587 560 λήθην
600 478 670 540 τῶν
683 468 759 540 καθ’
775 468 904 561 ἡμέραν
917 480 1033 542 κακῶν

303 585 463 661 δίδωσιν,
477 569 553 642 οὐδ’
571 571 633 644 ἔστ’
650 569 732 642 ἄλλο
747 575 927 664 φάρμακον
941 575 1068 645 πόνων.

301 671 399 760 οὗτος
412 689 524 747 θεοῖσι
538 679 717 746 σπένδεται
730 675 813 757 θεὸς
825 677 944 767 γεγῶς,

302 779 386 852 ῶστε
400 777 457 850 διὰ
471 785 592 848 τοῦτον
605 775 723 868 τάγάθ’
741 775 946 868 ἀνθρώπους
961 787 1061 870 ἔχειν.
1147 797 1196 852 285

300 887 358 954 καί
370 887 556 971 καταγελᾷς
569 908 643 967 νιν,
662 877 707 960 ῶς
722 882 893 971 ἐνερράφη
906 882 992 964 Διὸς

299 993 413 1079 μηρβς
429 983 552 1066 διδάξω
567 979 599 1052 σ’
616 980 662 1064 ῶς
675 991 785 1066 καλῶς
799 991 866 1074 ἔχει
881 985 969 1055 τόδε.

300 1095 377 1161 ἐπεί
388 1116 445 1158 νιν
459 1082 584 1176 ήρπασ’
602 1088 639 1155 έκ
653 1084 761 1175 πυρὸς
774 1096 960 1176 κεραυνίου

299 1192 400 1278 Ζεύς,
416 1197 463 1272 εἰς
477 1186 511 1258 δ’
524 1185 702 1276 Ὄλυμπον
716 1192 843 1279 βρέφος
857 1188 1045 1279 άνήγαγεν,
1061 1189 1151 1260 θεὸν

291 1292 381 1384 Ἥρα
397 1321 454 1363 νιν
467 1288 561 1380 ἤθελ’
578 1294 735 1379 ἐκβαλεῖν
748 1289 801 1362 ἀπ’
819 1290 987 1382 ούρανοῦ·
1147 1310 1199 1365 290

300 1395 387 1478 Ζεύς
400 1393 433 1465 δ’
451 1390 740 1483 ἀντεμηχανήσαθ’
757 1389 812 1464 οἷα
827 1394 869 1482 δή
884 1395 975 1477 θεός.

301 1500 400 1589 βήξας
413 1500 514 1588 μέρος
527 1524 559 1566 τι
573 1503 635 1566 τού
651 1493 745 1584 χθόν’
763 1501 1038 1588 ἐγκυκλουμένου

302 1603 457 1688 αἰθέρος,
473 1607 576 1687 ἔθηκε
590 1596 685 1669 τόνδ’
702 1595 831 1689 ὅμηρον
846 1600 1001 1682 ἐκδιδοὺς

299 1697 584 1791 ΔιόνυσονἭρας
597 1704 754 1772 νεικέων·
769 1703 880 1795 χρόνφ
897 1706 937 1773 δέ
948 1732 1005 1773 νιν

300 1808 417 1895 βροτοί
429 1811 603 1893 τραφῆναί
614 1826 720 1894 φασιν
734 1808 772 1874 ἐν
788 1812 884 1898 μηρῷ
896 1805 991 1893 Διός,
1145 1824 1199 1878 295

300 1906 409 1996 ὄνομα
421 1907 700 1997 μεταστήσαντες,
717 1903 769 1976 ὅτι
782 1916 850 1999 θεᾷ
864 1908 945 1990 θεὸς

290 2009 379 2103 Ἥρα
394 2007 470 2082 ποθ’
489 2006 682 2099 ῶμήρενσε,
696 2011 882 2093 συνθέντες
892 2011 1004 2100 λόγον.

298 2114 416 2204 μάντις
433 2110 465 2182 δ’
483 2110 501 2183 ὁ
517 2118 649 2202 δαίμων
662 2108 738 2182 ὅδε·
756 2111 794 2182 τό
809 2111 874 2203 γάρ
888 2113 1119 2203 βακχεύσιμον

297 2218 354 2286 καί
369 2214 406 2285 τὸ
421 2219 587 2304 μανιῶδες
605 2214 772 2304 μαντικήν
786 2215 915 2304 πολλὴν
930 2224 1014 2305 ἔχει·

299 2316 459 2407 ὅτανγὰρ
474 2315 492 2388 ό
507 2315 587 2398 θεὸς
602 2324 650 2398 εἰς
665 2317 702 2387 τὸ
717 2315 796 2406 σῶμ’
814 2326 899 2410 ἔλθη
913 2319 1030 2406 πολύς,
1146 2337 1200 2390 30⁰

298 2424 409 2510 λέγειν
424 2419 461 2492 τό
479 2423 602 2509 μέλλον
615 2420 695 2502 τούς
708 2421 897 2510 μεμηνότας
911 2438 1011 2492 ποιεί.
1059 2432 1079 2454 ’

288 2523 417 2617 ’Ἀρεύς
431 2553 467 2594 τε
481 2540 604 2614 μοῖραν
617 2523 817 2613 μεταλαβῶν
831 2532 899 2613 ἔχει
912 2526 1003 2595 τινά·

298 2627 443 2720 στρατόν
456 2627 520 2716 γάρ
536 2630 573 2696 έν
587 2623 704 2709 ὅπλοις
719 2624 800 2699 ὄντα
814 2625 897 2698 κάπὶ
909 2629 1021 2711 τάξεσι

304 2733 409 2821 φόβος
424 2730 603 2818 διεπτόησε
617 2732 700 2819 πρίν
714 2731 834 2818 λόγχης
848 2741 979 2818 θιγεῖν·

297 2842 400 2923 μανία
415 2834 453 2903 δὲ
466 2835 523 2902 καὶ
537 2829 623 2902 τοῦτ’
641 2834 710 2901 ἐστὶ
723 2832 900 2903 Διονύσου
913 2833 1014 2922 πάρα.
1146 2850 1197 2904 305

299 2934 339 3006 ἔτ’
356 2934 462 3006 αὐτὸν
475 2933 552 3017 ὄψει
566 2932 649 3004 κάπλ
661 2942 833 3024 Δελφίσιν
847 2943 982 3023 πετραις

297 3045 457 3128 πηδῶντα
471 3037 537 3108 σὺν
551 3038 709 3109 πεύκαισι
723 3038 914 3126 δικόρυφον
928 3037 1049 3124 πλάκα,

296 3142 468 3212 πάλλοντα
482 3142 538 3210 καί
552 3147 687 3211 σείοντα
701 3151 866 3229 Βακχείου
878 3141 1015 3227 κλάδον,

297 3248 404 3334 μέγαν
416 3240 441 3312 τ’
458 3240 507 3314 ἄν’
519 3241 664 3313 Ἑλλάδ’.
686 3242 754 3315 ἀλλ’
771 3250 848 3334 ἐμοί
852 3297 862 3332 ,
878 3250 1038 3331 Πενθεῦ,
1052 3251 1181 3314 πιθοῦ·
1253 3190 1255 3289 δ

298 3346 343 3434 μή
358 3346 394 3416 τὸ
410 3346 528 3435 κράτος
542 3345 639 3433 αὔχει
653 3347 801 3435 δύναμιν
814 3344 1010 3437 άνθρῶποις
1026 3353 1129 3435 ἔχειν,
1144 3365 1197 3418 310

298 3447 376 3537 μηδ’
395 3445 439 3535 ήν
454 3454 556 3538 δοκῇς
570 3451 650 3537 μέν,
664 3446 685 3537 ή
703 3450 741 3519 δὲ
755 3449 835 3532 δόξα
848 3473 911 3520 σου
925 3453 1013 3536 νοσῇ
1020 3502 1030 3536 ,

300 3567 443 3641 φρονεῖν
457 3551 551 3621 δόκει
569 3574 616 3620 τι·
637 3549 698 3620 τὸν
712 3550 798 3621 θεόν
811 3550 843 3621 δ’
861 3559 908 3634 εἰς
921 3560 987 3642 γήν
999 3555 1103 3640 δέχου
