2517 3934
526 217 677 277 EKABH
1037 215 1098 281 165

208 385 329 476 [νόμος
348 385 440 478 νόμῳ
454 382 518 475 γάρ
532 379 611 466 τούς
623 383 728 467 θεούς
742 382 919 476 ἡγούμεθα
1047 403 1100 459 800

210 491 267 558 καί
279 496 387 577 ζαῖμεν
403 485 505 558 ἄδικα
518 489 574 556 καὶ
588 486 694 557 δίκαι’
711 483 924 578 ὡρισμένον]

210 587 248 672 ὃς
262 599 310 673 είς
322 587 355 660 σ’
371 587 529 660 άνελθδιυ
543 595 575 658 εί
587 588 867 679 διαφθαρήσεται,

209 696 266 762 καὶ
281 692 325 782 μὴ
340 698 441 781 δίκην
454 689 624 761 θύσουσιν
639 697 761 772 οίτιυες
772 695 889 776 ξένους

211 803 403 864 κτείνουσιν
416 790 439 882 ἢ
452 799 546 863 θεῶν
561 792 634 882 ίερά
648 800 815 882 τολμῶσιν
829 797 958 885 φέρειν,

210 893 272 967 ούκ
287 905 379 966 ἔστιν
393 893 496 966 οὐδὲν
510 902 579 964 τῶν
593 898 630 965 έν
643 892 838 985 ἀνθρώποις
853 907 937 967 ἴσον.
1046 915 1098 971 808

208 996 308 1085 ταῦτ’μ
323 989 387 1069 ούυ
401 1002 438 1068 ἐν
451 1005 576 1089 αίσχρςό
590 1000 733 1085 θέμενος
746 1001 926 1087 αίδέσθητί
937 1021 995 1087 με·

210 1111 377 1191 οίκτειρον
391 1096 492 1189 ἡμᾶς,
509 1097 554 1180 ὡς
567 1099 718 1189 γραφεύς
731 1098 761 1169 τ’
779 1097 983 1182 άποσταθεὶς

211 1208 287 1272 ίδοῦ
301 1231 342 1291 με
356 1199 574 1290 κάνάθρησον
588 1197 634 1271 οἷ’
651 1209 715 1288 ἔχω
729 1203 825 1271 κακά.

208 1305 374 1395 τύραννος
397 1294 418 1390 ἦ
446 1303 532 1392 ποτ’,
549 1300 634 1372 ἀλλά
648 1310 715 1372 νῦν
729 1304 833 1394 δούλη
847 1306 961 1392 σέθεν,

210 1404 327 1486 εὔπαις
341 1403 418 1476 ποτ’
433 1396 535 1490 ούσα,
550 1413 617 1475 νύν
631 1406 669 1475 δὲ
682 1414 790 1495 γραύς
803 1404 903 1488 άπαις
916 1402 955 1476 θ’
972 1403 1050 1496 ἅμα,

209 1505 325 1588 άπολις
338 1515 475 1597 ἔρημος,
491 1505 681 1596 ἀθλιωτάτη
696 1516 838 1597 βροτῶν.
1049 1527 1095 1580 811

208 1621 296 1699 οίμοι
311 1609 468 1697 τάλαινα,
482 1625 543 1679 ποί
553 1606 587 1698 μ’
605 1607 781 1698 ύπεξάγεις
795 1612 901 1693 πόδας

210 1720 302 1782 ἔοικα
316 1713 454 1800 πράξειν
468 1709 586 1781 ούδέν·
604 1703 632 1780 οἷ
646 1711 776 1783 τάλαιν’
793 1714 868 1802 ἐγώ.

207 1821 243 1882 τί
253 1821 336 1902 δῆτα
349 1816 472 1902 θνητοί
485 1811 588 1883 τάλλα
602 1814 665 1902 μέν
678 1815 860 1904 μαθήματα

207 1923 403 2004 μοχθοῦμεν
420 1912 464 1995 ὡς
477 1913 540 2005 χρὴ
555 1917 664 1985 πάντα
677 1919 735 1987 καὶ
747 1918 967 2005 μαστεύομεν,
1045 1933 1097 1988 815

209 2017 317 2088 πειθύ
334 2018 372 2087 δὲ
385 2017 448 2106 τὴν
462 2019 630 2106 τύραννον
645 2015 842 2106 ἀνθρώποις
855 2021 965 2108 μόνην

208 2117 310 2191 ούδέν
323 2147 356 2189 τι
368 2128 497 2208 μᾶλλον
512 2124 545 2200 ές
558 2122 653 2200 τέλος
665 2121 893 2209 σπουδάζομεν

207 2225 352 2316 μισθούς
366 2225 518 2306 διδόντες
531 2223 737 2312 μανθάνειν,
753 2221 799 2292 ἵν’
815 2216 860 2313 ἦν
873 2252 953 2294 ποτε

205 2337 340 2399 πείθειν
354 2325 376 2396 ά
389 2356 439 2408 τις
452 2325 609 2414 βούλοιτο
622 2326 803 2414 τυγχάνειν
816 2323 855 2396 θ’
872 2323 957 2414 ἄμας

207 2438 277 2511 πῶς
291 2421 356 2500 ούν
370 2427 417 2499 ἔτ’
434 2427 477 2498 ἄν
490 2456 539 2510 τις
553 2432 685 2497 ἐλπίσαι
699 2429 838 2516 πράξειν
852 2436 979 2510 καλωςς
1044 2443 1097 2497 818

208 2539 244 2602 oc
253 2533 315 2620 μὲν
330 2535 393 2618 γάρ
411 2531 508 2614 ὄντες
523 2537 638 2612 παῖδες
653 2528 765 2599 οὐκέτ’
785 2535 852 2598 είσί
868 2556 935 2616 μοι,

206 2632 290 2723 αύτὴ
306 2632 339 2703 δ’
355 2631 409 2704 ἐπ’
427 2640 574 2723 αἰσχροῖς
587 2633 792 2721 αἰχμάλωτος
805 2642 950 2721 οίχομαι·

207 2734 337 2807 καπνὸν
351 2737 389 2805 δὲ
403 2736 531 2814 πόλεως
545 2733 639 2804 τόνδ’
655 2731 943 2822 ύπερθρύσκουθ’
959 2730 1029 2824 ὁρῶ

206 2841 261 2908 καὶ
275 2838 342 2928 μὴν
358 2848 438 2917 ἴσως
451 2839 514 2925 μὲν
526 2844 588 2906 τοῦ
603 2837 707 2925 λόγου
723 2834 825 2907 κενὸν
837 2837 925 2924 τόδε,

206 2941 344 3029 Κύπριν
358 2941 577 3028 προβάλλειν·
598 2937 672 3009 ἀλλ’
690 2936 779 3027 ὅμως
795 2941 976 3029 είρησεται·
1045 2956 1096 3011 815

205 3041 288 3133 πρὸς
303 3058 390 3112 σοίσι
404 3049 562 3130 πλευροῖς
576 3058 653 3121 παῖς
667 3040 727 3129 ἐμὴ
741 3050 921 3130 κοιμίζεται

206 3141 227 3232 ἡ
241 3145 379 3234 φοιβάς,
395 3140 439 3231 ἣν
452 3151 591 3213 καλοῦσι
605 3144 812 3233 Κασάνδραν
826 3146 969 3234 Φρύγες.

206 3255 272 3317 πού
286 3247 345 3327 τὰς
359 3254 459 3332 φίλας
472 3243 547 3334 δῆτ’
565 3242 737 3337 εὐφρόνας
751 3251 886 3333 δείξεις,
901 3243 995 3333 άυαξ,

204 3344 228 3437 ἢ
242 3356 311 3418 τοῖν
326 3353 364 3418 έν
378 3345 461 3438 εύνῇ
477 3348 647 3436 φιλτάτων
661 3345 885 3436 ἀσπασμάτων

204 3451 304 3540 χάριν
316 3448 383 3520 τίν’
402 3453 467 3533 ἕξει
480 3466 558 3531 παίς
571 3451 650 3539 ἐμή,
664 3457 777 3538 κείνης
791 3447 824 3518 δ’
840 3450 924 3538 έγύς
1044 3465 1096 3518 880
