2517 3934
549 193 773 254 AAKHSHS

301 366 426 456 μήτηρ·
443 370 557 433 κακῶν
569 361 633 451 γὰρ
647 368 780 450 μυρίων
794 334 944 449 έρρύετο,
1144 376 1204 428 770

303 467 407 557 όργόις
421 461 627 554 μαλόσσουσ’
644 461 778 553 ἀνδρός.
806 454 871 551 ἆρα
885 461 945 531 τὸν
961 465 1059 544 ξένον

302 576 415 658 στυγῶ
431 574 586 652 δικαίως,
601 569 639 634 έν
652 579 766 644 κακοῖς
781 561 987 653 ἆφιγμένον;

252 728 258 741 .
303 663 419 756 ούτος,
433 676 468 737 τί
479 671 605 755 σεμνόν
619 669 675 735 καὶ
690 663 914 754 πεφροντικὸς
927 669 1079 753 βλέπεις;

305 770 347 842 οό
361 771 424 862 χρη
439 767 649 858 σκυθρωπόν
661 784 730 848 τοϊς
742 770 849 850 ξένοις
862 767 922 837 τόν
936 769 1131 856 πρόσπολον

306 874 411 960 εἶναι,
427 875 584 959 δέχεσθαι
599 867 631 938 δ’
653 867 894 962 εύπροσηγόρηι
909 877 1020 956 φρενί.
1145 887 1198 945 775

304 972 347 1044 σύ
363 973 395 1044 δ’
413 971 504 1061 ἄνδρ’
522 975 655 1060 ἑταῖρον
670 970 835 1041 δεσπότου
850 967 993 1060 παρόνθ’
1010 968 1112 1061 ὁρῶν,
1150 1031 1153 1037 .

306 1083 440 1168 στυγνῷ
454 1071 621 1166 προσώπῳ
636 1076 692 1142 καλ
706 1076 991 1166 συνωφρυωμένςο

307 1181 411 1265 δέχει,
427 1183 577 1266 θυραίου
591 1175 739 1262 πήματος
751 1174 906 1264 σπουδὴν
920 1183 1016 1263 ἔχων.

305 1278 395 1370 δεῦρ’
413 1277 495 1366 ἔλθ’,
510 1275 600 1357 ὅπως
614 1273 658 1346 ἂν
672 1279 728 1346 καλ
742 1277 934 1368 σοφώτερος
947 1280 1039 1368 γένη.

304 1381 344 1450 τόι
356 1379 466 1469 θνητὰ
481 1375 641 1467 πράγματ’
662 1379 781 1458 οἶσθας
800 1376 843 1463 ἣν
862 1385 928 1464 ἔχει
943 1383 1066 1466 φύσινς
1144 1399 1197 1454 780

304 1482 395 1570 οἶμαι
408 1483 471 1570 μὲν
485 1478 527 1550 ού
534 1502 541 1517 ·
558 1479 668 1550 πόθεν
681 1481 763 1571 γύρ;
779 1478 847 1551 ἀλλ’
864 1478 971 1551 όὶκουέ
981 1509 1058 1569 μου.

305 1591 438 1673 βροτοῖς
452 1579 555 1652 ἅπασι
568 1593 754 1652 κατθανεῖν
768 1580 949 1671 ὀφείλεται,

303 1683 389 1754 κούκ
404 1692 473 1754 ἔστι
487 1691 625 1772 θνητῶν
639 1682 728 1765 ὅστις
741 1688 947 1767 ἐξεπίσταται

303 1785 365 1874 τὴν
379 1784 501 1875 αύριον
513 1789 704 1873 μέλλουσαν
719 1794 751 1856 εί
761 1787 934 1875 βιώσεται·

303 1887 341 1956 τὸ
355 1896 413 1976 τῆς
426 1888 527 1976 τύχης
541 1888 604 1978 γὰρ
619 1887 747 1977 ἀφανὲς
762 1885 798 1957 οἶ
809 1889 1024 1978 προβήσεται,
1144 1907 1192 1964 785

305 1987 394 2058 κᾶστ’
412 1988 454 2059 ού
469 1990 629 2059 διδακτόν
643 1987 718 2058 οὐδ’
736 1987 904 2060 ἁλίσκεται
917 1993 1025 2080 τέχνη.

302 2090 391 2160 ταῦτ’
408 2084 472 2160 οὖν
486 2089 630 2173 ιἰκούσας
644 2094 700 2160 καὶ
714 2091 836 2179 μαθῶν
850 2097 931 2180 ἐμοῦ
949 2093 1049 2182 παρα,

302 2190 467 2281 εὔφραινε
479 2194 621 2280 σαυτόν,
637 2209 730 2280 πῖνε,
746 2193 805 2264 τόν
820 2193 894 2264 καθ’
910 2191 1038 2284 ἡμέραν

302 2301 379 2381 βίον
393 2302 526 2382 λογίζου
539 2296 617 2382 σόν,
632 2295 672 2364 τὰ
686 2293 721 2364 δ’
738 2293 822 2365 ἄλλα
835 2305 893 2384 τῆς
908 2297 1018 2385 τύχης.

302 2403 379 2483 τίμα
395 2397 432 2466 δὲ
445 2400 502 2466 καλ
516 2396 577 2485 τὴν
595 2405 751 2468 πλεῖστον
765 2395 905 2486 ἡδίστην
918 2406 1011 2468 θεῶν
1140 2419 1194 2474 790

303 2498 440 2587 Κύπριν
454 2507 641 2588 βροτοῖσιν·
658 2497 801 2587 εὐμενὴς
817 2500 882 2590 γὰρ
897 2498 917 2589 ἡ
932 2502 1022 2581 θεός.

302 2598 343 2668 τδι
357 2598 388 2668 δ’
406 2596 474 2670 ἄλλ’
491 2608 591 2670 ἔασον
604 2608 709 2671 ταῦτα
723 2605 779 2670 καλ
798 2607 890 2672 πθοῦ
907 2605 1019 2689 λόγοις

304 2705 448 2790 ἐμοῖσιν,
468 2713 562 2792 είπερ
575 2700 666 2791 όρθύ
678 2725 731 2772 σοι
747 2709 836 2773 δοκῶ
851 2707 978 2791 λέγειν·

302 2802 393 2890 οίμαι
406 2807 477 2892 μέν.
505 2801 632 2874 οὔκουν
643 2803 704 2891 τὴν
718 2801 804 2893 ἄγαν
815 2807 926 2894 λύπην
940 2805 1037 2894 ἀφεὶς

301 2912 370 2974 πίει
384 2903 457 2992 μεθ’
475 2902 569 2993 ἡμῶν
582 2904 676 2974 τάσδ’
694 2903 897 2996 ύπερβαλῶν
911 2908 1021 2995 τύχας,
1138 2925 1190 2982 ⁷95

301 3008 476 3094 στεφάνοις
488 3015 692 3090 πυκασθείς;
708 3011 763 3078 καλ
778 3008 854 3098 σάφ’
872 3008 936 3079 οἷδ’
954 3007 1127 3081 ὁθούνεκα

301 3115 362 3176 τοῦ
375 3114 441 3176 νῦν
455 3117 665 3199 σκυθρωποῦ
679 3113 735 3179 καὶ
751 3116 955 3192 ξυνεστῶτος
970 3119 1131 3203 [φρενῶν]

301 3220 482 3300 μεθορμιεῑ
492 3233 529 3280 σε
544 3218 683 3292 πίτυλος
696 3213 850 3301 έμπεσῶν
863 3213 1008 3302 σκύφον.

300 3307 398 3392 ὄντας
412 3314 449 3382 δὲ
462 3311 610 3401 θνητοὺς
625 3311 736 3402 θνητὰ
750 3317 806 3384 καλ
820 3331 962 3404 φρονεῖν
974 3316 1094 3407 χρεῶν,

300 3408 345 3493 ῶς
358 3429 425 3495 τοῖς
438 3442 477 3504 γε
491 3430 625 3503 σεμνοῖς
640 3417 696 3484 καλ
709 3419 1018 3507 συνωφρυωμένοις
1135 3435 1190 3490 800

191 3605 195 3612 Ι
298 3509 423 3585 ἅπασίν
437 3519 543 3605 ἐστιν,
559 3513 603 3596 ῶς
617 3515 645 3605 γ’
662 3519 735 3606 ἐμοὶ
750 3526 896 3610 χρῆσθαι
912 3527 1021 3608 κριτῇ,
