2517 3934
607 201 772 261 Bam!

293 374 385 440 Δίου
399 374 561 458 βροντάςς

294 478 405 542 δίκετε
420 472 541 542 πεδόσε
556 476 668 541 δίκετε
680 499 825 561 τρομερο

293 575 446 664 σώματα,
460 573 653 654 Μαινάδες·

294 675 312 747 ό
326 676 391 768 γάρ
407 673 490 758 άναξ
504 674 574 746 άνω
589 676 679 745 κάτω
693 679 802 758 τιθείς
815 685 922 747 ἔπεισι

292 784 446 869 μέλαθρα
459 779 538 849 τάδε
550 777 637 860 Διὸς
653 780 762 868 γόνος.

232 935 240 950 .
293 883 460 971 βάρβαροι
474 899 650 970 γυναῖκες,
664 879 772 962 οὕτως
789 883 1060 970 ἐκπεπληγμέναι
1075 884 1173 978 φόβφ

176 1401 250 1467 ΧΟ.

177 1607 240 1670 ΔΙ.

177 1812 249 1873 XO.

176 2119 239 2180 ΔΙ.

177 2221 250 2282 XO.

177 2324 239 2386 ΔΙ.

293 983 376 1074 πρὸς
390 987 481 1078 πέδφ
495 981 679 1054 πεπτώκατ’
693 1015 702 1068 3
725 982 886 1075 ᾔσθησθ’,
902 982 947 1065 ὡς
961 993 1066 1074 ἐοικε,
1081 996 1175 1056 Βακ-

633 1094 711 1173 χίου
1135 1105 1189 1160 σοῖν

292 1190 554 1274 [διατινάξαντος
568 1194 664 1276 δῶμα
677 1191 857 1270 Πενθέως·
872 1186 941 1258 ἀλλ’
957 1193 1151 1271 ἐξανίστατε

293 1301 389 1381 σῶμα
403 1295 460 1362 καὶ
473 1304 633 1384 θαρσεῖτε
648 1291 774 1379 σάρκας
788 1295 1004 1380 ἐξαμείψασαι
1017 1293 1167 1381 τρόμοα].

291 1386 320 1462 ω’
334 1396 420 1484 φάος
432 1398 590 1484 μέγιστον
603 1389 686 1482 ἡμῖν
700 1391 798 1464 εόίου
811 1394 1051 1482 βακχεύματος,

293 1494 338 1580 ὡς
350 1502 482 1567 ἐσεῖδον
496 1494 622 1585 άσμένη
639 1520 696 1583 σε,
711 1493 833 1585 μονάδ’
852 1495 963 1584 ἐχουσ’
981 1499 1134 1584 ἐρημίαν.

295 1608 342 1680 είς
355 1597 510 1688 άθυμίαν
524 1596 695 1687 ἀφίκεσθ’,
710 1595 796 1686 ἡνίκ’
814 1595 1074 1687 είσεπεμπόμην,
1134 1615 1188 1670 610

291 1705 454 1783 Πενθέως
469 1698 514 1782 ὦς
532 1709 579 1782 είς
593 1700 767 1780 σκοτεινάς
784 1698 931 1790 ὁρκάνας
945 1701 1173 1788 πεσούμενος;

290 1813 360 1887 πῶς
376 1803 439 1894 γάρ
456 1800 515 1888 οὕς
543 1812 593 1884 τίς
608 1831 665 1892 μοι
679 1805 789 1892 φύλαξ
803 1795 865 1891 ἦν,
894 1810 927 1872 εί
943 1801 987 1872 σὺ
1008 1810 1187 1891 συμφορᾶς

634 1905 764 1994 τόχοις;

293 2007 378 2079 άλλά
392 2017 462 2089 πῶς
475 2005 719 2097 ἠλευθερώθης
734 2005 858 2096 άνδρός
875 2004 1016 2077 άνοσίου
1029 2006 1158 2095 ταχείας

293 2109 395 2193 αὐτὸς
409 2109 543 2193 ἐξέσωσ’
559 2109 706 2199 ἐμαυτὸν
720 2113 845 2201 ῥᾳδίως
858 2107 943 2179 άνευ
956 2107 1075 2179 πόνου.

293 2210 377 2283 οόδέ
388 2235 450 2282 σου
464 2221 596 2303 συνῆψε
609 2229 701 2301 χεῖρε
719 2219 906 2301 δεσμίοισιν
916 2216 953 2283 ἐν
968 2211 1120 2302 βρόχοιςς
1134 2228 1190 2282 615

293 2323 397 2386 ταῦτα
416 2317 473 2385 καὶ
502 2313 687 2405 καθάβρισ’
711 2312 832 2402 αὐτόν,
859 2310 911 2383 ότι
938 2342 980 2403 με
1006 2314 1190 2403 δεσμεύειν

638 2423 751 2486 δοκῶν

293 2517 361 2590 οὔτ’
385 2528 503 2610 ἔθιγεν
524 2515 600 2589 οὔθ’
623 2515 727 2605 ἥψαθ’
751 2516 865 2609 ἡμῶν,
896 2523 1029 2590 ἐλπίσιν
1049 2515 1083 2587 δ’
1107 2519 1188 2607 ἐβό-

637 2644 745 2691 σκετο.

295 2723 378 2815 πρὸς
392 2723 535 2813 φάτναις
550 2724 588 2794 δέ
601 2731 729 2813 ταῦρον
745 2721 868 2814 εὗρόν,
884 2716 927 2794 οὗ
940 2721 1090 2814 καθεῖρξ’
1100 2720 1188 2813 ἡμᾶς

637 2855 741 2915 αγων,

292 2933 379 3022 τῷδε
407 2930 485 3017 περὶ
511 2928 657 3018 βρόχους
691 2936 810 3018 ἔβαλλε
839 2926 960 3018 γόνασι
986 2931 1043 3000 καὶ
1069 2937 1186 3018 χηλαῖς

640 3037 766 3119 ποδοῖν,

294 3129 411 3220 θυμόν
425 3133 585 3219 ἐκπνέων,
598 3138 723 3221 ίδρῶτα
737 3134 889 3222 στόματος
902 3134 1030 3219 στάζων
1042 3131 1121 3223 άπο,
1136 3151 1184 3204 62⁰

292 3242 440 3322 χείλεσιν
454 3232 572 3316 διδοὺς
586 3233 744 3316 ὀδόντας·
760 3245 904 3325 πλησίον
918 3233 952 3305 δ’
969 3233 1035 3325 ε’γιδ
1053 3234 1173 3325 παρόν

292 3333 418 3424 ἥσυχος
432 3338 572 3407 θάσσων
586 3345 759 3408 ἔλευσσον.
789 3342 826 3408 ἐν
840 3339 878 3408 δὲ
892 3344 979 3430 τῷδε
992 3346 1040 3431 τῷ
1054 3334 1167 3430 χρόνφ

293 3435 461 3520 ἀνετίναξ’
472 3438 584 3508 ἐλθόν
598 3437 615 3509 ό
627 3440 755 3526 Βάκχος
770 3445 865 3529 δῶμα
878 3443 936 3510 καί
950 3439 1075 3531 μητρὸς
1088 3440 1185 3532 τάφφ

292 3546 363 3629 πῦρ
378 3537 493 3629 ἀνῆψ’·
510 3537 570 3611 ὅδ’
581 3538 626 3621 ὡς
641 3543 758 3628 ἐσεῖδε,
770 3539 890 3632 δώματ’
901 3548 1185 3613 αίθεσθαιδοκιδν
