2517 3934
470 174 676 233 ΙΚΕΤΙΔΕΣ
1007 172 1071 237 379

176 355 224 429 είς
236 342 316 427 τούς
330 352 464 433 ἔχοντας
478 338 590 432 κέντρ’
608 340 750 431 άφιάσιν
762 344 859 433 κακά,

176 446 343 539 γλῶσσαις
356 452 517 535 πονηρῶν
531 452 727 534 προστατῶν
741 446 967 536 φηλούμενοι·

174 560 280 640 τριῶν
293 550 331 620 δὲ
345 556 475 639 μοιρῶν
488 543 509 636 ἡ
520 542 553 616 ’ν
566 550 656 640 μέσῳ
671 547 767 632 σῶζει
781 550 904 637 πόλεις,

177 655 304 742 κόσμον
319 646 532 740 φνλάσσουσ’
548 646 656 719 ὅντιν’
673 645 716 719 ῶν
729 651 809 742 τάξη
823 652 929 733 πόλις.
1019 668 1071 721 245

176 752 307 825 κᾶπειτ’
323 754 389 843 ἐγῶ
403 778 456 822 σοι
467 751 638 840 σύμμαχος
651 753 851 842 γενήσομαι;

176 866 211 927 τί
221 856 305 946 πρὸς
319 864 455 935 πολίτας
469 851 547 935 τοῦς
561 853 663 943 ἐμούς
676 858 786 943 λέγων
799 856 923 940 nai-6113

175 968 304 1049 χαίρων
318 958 388 1030 ίθ’·
419 963 451 1027 εί
461 954 525 1045 γάρ
539 954 585 1045 μὴ
601 957 826 1046 βεβούλευσαι
840 965 961 1046 καλῶς,

176 1058 278 1143 αῦτῦς
293 1062 417 1145 πιέζειν
430 1056 493 1149 την
506 1059 627 1147 τύχην,
643 1056 729 1148 ἡμᾶς
744 1057 777 1130 δ’
794 1064 864 1130 ἐάν.

60 1173 132 1236 XO.
173 1161 339 1253 ἥμαρτον·
358 1167 396 1233 ἐν
409 1164 514 1232 νέοισι
529 1157 561 1230 δ’
580 1158 775 1249 ἀνθρώπων
789 1161 866 1232 τόδε
1019 1178 1071 1231 250

176 1274 302 1337 ἔνεστι·
316 1264 522 1354 συγγνῶμην
535 1264 574 1332 δὲ
586 1260 667 1355 τῶδ’
684 1271 773 1352 ἔχειν
785 1262 905 1355 χρεῶν.

59 1377 136 1439 ΑΔ.
179 1366 274 1438 οῦτοι
288 1366 450 1455 δικαστήν
464 1363 496 1435 σ’
515 1365 608 1454 είλόμ
631 1394 653 1434 ν
667 1370 758 1454 ἐμῶν
772 1373 888 1437 κακῶν

178 1468 255 1540 οὐδ’
274 1480 307 1539 εί
317 1499 350 1540 τι
362 1470 488 1558 πράξας
501 1466 546 1556 μὴ
561 1497 604 1537 κα
640 1475 672 1548 ’ς
686 1465 895 1559 εὑρίσκομαι,

178 1574 309 1643 τούτων
325 1569 493 1660 κολαστὴν
507 1567 748 1660 κάπιτιμητήν,
763 1568 856 1658 άναξ,
1019 1586 1071 1639 255

177 1672 250 1744 ἀλλ’
268 1672 313 1755 ῶς
326 1671 481 1762 ὀναίμην.
519 1680 552 1742 εί
563 1673 601 1742 δὲ
616 1672 662 1762 μὴ
677 1673 794 1762 βούλει
808 1674 899 1761 τάδε,

176 1780 328 1866 στέργειν
342 1774 471 1865 ἀνάγκη
486 1790 572 1846 τοῖσι
586 1791 675 1855 σοῖς·
689 1783 726 1846 τί
735 1774 800 1866 γάρ
814 1776 932 1858 πάθοις

176 1877 250 1948 ἀλλ’
267 1870 295 1948 ῶ
308 1886 457 1968 γεραιαί,
473 1886 618 1965 στείχετε
631 1877 784 1966 γλαυκὴν
796 1876 900 1967 χλόην

176 1980 282 2051 αῦτοῦ
295 1989 453 2051 λιποῦσαι
468 1978 642 2069 φυλλάδος
654 1988 856 2068 καταστεφῆ,

176 2084 280 2165 θεούς
293 2112 329 2153 τε
343 2085 401 2152 καὶ
416 2091 480 2172 γῆν
495 2083 557 2171 τήν
570 2110 606 2152 τε
620 2082 802 2171 πυρφόρον
815 2080 903 2152 θεάν
1019 2097 1072 2152 260

175 2186 339 2275 Δήμητρα
353 2188 496 2272 θέμεναι
509 2180 654 2276 μάρτυρ’
669 2181 768 2273 ἡλίου
782 2212 818 2254 τε
832 2191 915 2273 φῶς,

178 2286 223 2369 ῶς
236 2286 340 2358 οῦδὲν
353 2284 433 2376 ἡμῖν
446 2283 594 2376 ἤρκεσαν
606 2289 696 2356 λιταὶ
709 2293 813 2356 θεῶν.

126 2393 940 2458 ,ηεεςεεεεειιε

176 2496 942 2544 ************

180 2592 217 2676 ῦς
229 2596 383 2674 Πέλοπος
396 2586 440 2683 ἦν
453 2609 548 2680 παῖς,
561 2601 733 2674 Πελοπίας
747 2590 780 2663 δ’
796 2589 891 2681 ἡμεῖς
906 2589 1032 2680 χθονὸς

175 2694 300 2767 ταῦτῦν
312 2703 468 2789 πατρῷον
482 2691 563 2784 αἷμα
576 2698 630 2765 σολ
644 2696 844 2784 κεκτήμεθα.

177 2807 213 2869 τί
223 2805 323 2890 ῦρᾷς;
337 2800 524 2888 προῦῶσεις
535 2805 641 2867 ταῦτα
654 2796 833 2887 κάκβαλεῖς
844 2793 969 2884 χθονὸς
1021 2810 1072 2867 265

176 2908 283 2991 γραῦς
296 2898 339 2970 οῦ
356 2900 522 2989 τυχούσας
536 2897 640 2970 οῦδὲν
655 2891 704 2970 ῶν
718 2896 822 2980 αῦτάς
836 2903 956 2988 ίχρῆν;

178 3004 223 3093 μὴ
238 3000 330 3092 δῆτ’·
349 3012 415 3092 ἔχει
429 3001 493 3092 γάρ
509 3002 710 3093 καταφυγὴν
724 3002 792 3093 θὴρ
806 3002 869 3091 μὲν
883 3003 1019 3090 πέτραν,

179 3112 300 3186 δοῦλος
313 3107 351 3176 δὲ
364 3103 501 3196 βωμούς
514 3112 625 3194 θεῶν,
640 3106 736 3188 πόλις
749 3107 787 3175 δὲ
804 3102 888 3193 πρὸς
902 3103 1002 3172 πόλιν

178 3211 295 3297 ἔπτηξε
308 3220 543 3299 χειμασθεῖσα·
558 3207 705 3296 τῶνγὰρ
721 3213 758 3279 ἐν
773 3215 905 3296 βροτοῖς

178 3308 241 3380 οῦκ
255 3319 345 3381 ἔστιν
360 3310 462 3382 οῦδὲν
477 3308 533 3379 διά
546 3313 663 3391 τέλους
677 3307 915 3399 εὐδαιμονοῦν.
1020 3322 1072 3379 270

58 3466 269 3485 ..b-—

176 3534 242 3597 άλλ’
260 3539 299 3607 ῶς
317 3537 417 3615 ἰατρόν
432 3538 531 3607 τῶνδ’,
550 3534 639 3611 ἅναξ,
656 3536 812 3614 ἀφίγμεθα.
1019 3544 1071 3598 252
