2517 3934
396 1099 749 1170 ῬΠΟΘΕΣΙΣ.

166 1522 375 1596 Ἀπόλλων
358 1532 503 1619 ητήσατο
532 1534 622 1617 παρὰ
652 1539 721 1598 τῶν
743 1537 923 1619 Μοιραῑν
915 1557 1006 1614 οπως
1026 1559 1045 1602 ο

89 1614 237 1741 ’ζλδμητος
255 1632 417 1695 τελευτᾶν
432 1630 566 1706 μέλλων
583 1631 736 1718 παράσχῃ
753 1632 812 1698 τὸν
826 1629 912 1718 ὑπὲρ
924 1631 1047 1700 ἑαυτοῦ

93 1718 203 1787 ἑκόντα
218 1711 516 1811 τεθνηξδμενον,”
500 1752 557 1794 ινα
577 1736 654 1794 λσον
676 1735 722 1815 τῷ
747 1732 896 1820 προτέρῳ
921 1730 1046 1815 χρόνον

92 1816 174 1903 ζήσῃ.
196 1823 250 1887 καλ
263 1821 327 1906 W
319 1823 514 1909 Αλκηστις”
497 1851 518 1909 η
530 1825 617 1910 γυνή
630 1852 690 1893 του
678 1823 864 1912 ’Ἀδμήτου
878 1829 1071 1898 έπέδωκενδ

90 1918 214 2007 ἑαυτήν,
230 1922 413 2016 οὐδετέρου
426 1936 494 1998 τῶν
508 1932 638 2055 ηονέων
654 1930 875 2016 ἐθελήσαντος
890 1924 975 2015 ὑπὲρ
990 1933 1051 1994 τοῦ

89 2021 200 2102 παιδὸς
220 2022 422 2098 άποθανελν.
461 2028 527 2119 μετ’
550 2030 592 2101 οὐ
620 2031 709 2100 πολὺ
729 2031 767 2100 δέ
792 2037 849 2116 τής
875 2035 1051 2117 συμφοράς

87 2122 199 2210 ταύτης
219 2133 406 2219 γενομένης
427 2129 591 2221 Ἡρακλῆς
618 2133 890 2258 παραγενόμενος
917 2133 973 2200 καλ
986 2158 1051 2218 μα-

85 2221 154 2291 θάν
177 2231 268 2315 παρά
291 2260 384 2313 τινος
404 2237 613 2360 θεράποντος
638 2236 679 2305 τά
700 2233 832 2323 περὶ
797 2263 859 2321 την
872 2230 1052 2321 Ἀλκηστιν

84 2325 246 2450 ἐπορεύθη
261 2333 373 2402 έπλ
339 2362 401 2404 τον
420 2338 528 2425 τάφον
542 2337 651 2407 καλ
618 2366 679 2407 τον
694 2338 848 2407 Θάνατον
868 2333 1051 2423 αποστηυαι
1061 2360 1094 2412 10

84 2431 216 2516 ποιήσας
230 2439 354 2524 ἐσθῆτι
376 2441 536 2510 καλύπτει
551 2439 615 2527 τήν
627 2455 783 2526 γυναῖκα,
803 2440 864 2507 τόν
880 2433 940 2507 δέ
933 2443 1052 2563 Αδμη-

82 2553 134 2596 τον
150 2529 247 2620 ήξίου
261 2539 470 2627 λαβόντα’
429 2543 535 2667 αυτήν
550 2559 675 2631 τηρεῖν.
704 2543 878 2629 εἰληφέναι
895 2536 987 2610 δέ’
945 2538 1054 2626 αυτήν

80 2627 177 2721 πέδης
193 2628 307 2710 ἆθλον
329 2649 438 2730 ἔλεγε.
463 2645 507 2734 μή
529 2645 793 2734 βουλομένουδὲ
778 2645 882 2712 ὲέέκε
868 2649 943 2710 λυου
965 2646 1053 2710 ἔδει·

78 2732 160 2808 ξεν“
138 2764 180 2823 ην
194 2743 347 2813 ἐπένθει.

160 2837 1094 2967 ἌλκηστιςήΠελίουθυηάτηρὑπομείνασαδπδρτοάιε

77 2940 186 3008 έδίου’
168 2945 294 3032 ανδρός
302 2955 521 3036 τελευτῆσαι,
533 2948 735 3038 Ἡρακλέους
745 2950 1010 3039 ἐπιδημήσαντος
1018 2951 1055 3017 ἐν

77 3045 110 3124 τή
132 3051 295 3139 Θετταλίᾳ
316 3050 537 3137 διασώζεται,
559 3057 766 3143 βιασαμένου
786 3051 866 3134 τοὺς
892 3057 1056 3139 χθονίους

77 3143 171 3224 θεοὺς
191 3153 248 3218 καὶ
268 3120 550 3239 ἀφελομένου
514 3182 577 3241 την
597 3172 752 3243 γυναῖκα.
787 3150 861 3242 παρ’
886 3150 1054 3242 οὐδετέρῳ

80 3258 173 3315 κεῖται
186 3248 420 3339 ήμυθοποιία.
451 3251 491 3321 τδ
515 3261 629 3346 δρᾶμα
650 3260 794 3346 ἐποιήθη
816 3255 862 3340 ιζ.
892 3254 1054 3340 ἐδιδάχθη

74 3345 119 3411 έπλ
137 3353 366 3425 Γλαυκίνου”
344 3382 452 3441 αρχον
454 3381 517 3434 τος
539 3359 579 3427 τὸ
596 3370 625 3430 λ.
664 3367 793 3446 πρῶτος
807 3350 849 3443 ήν
864 3361 1096 3443 Σοφοκλῆς,υο

79 3446 216 3542 δεύτερος
243 3455 435 3546 Εὐριπίδης
467 3461 671 3546 Κρήσσαις,
696 3457 957 3611 Ἀλκμαίωνη
926 3463 970 3545 τῷ
998 3451 1054 3521 διά
