2517 3934
483 201 632 260 ΕΚΑΕΗ
1001 199 1077 265 171'

178 369 391 460 Πολύδωρον
407 377 443 440 ἔκ
460 397 496 440 τε
512 370 637 460 πατρὸς
650 374 688 440 ἐν
702 371 817 460 δόμοις
831 380 927 460 ἔχεις,

178 480 210 544 εί
223 479 277 562 ζῆ·
291 469 333 541 τα
349 469 383 541 δ’
399 468 483 541 ἄλλα
497 471 660 563 δεύτερόν
676 470 708 542 σ’
725 474 895 563 ἐρήσομαι.

59 583 161 647 ΚΛΜ.
178 575 337 665 μάλιστα·
353 570 531 644 τούκείνου
545 576 607 663 μὲν
622 572 773 664 εὐτυχεῖς
786 578 896 666 μέρος.

61 686 123 747 ΕΚ.
176 670 375 767 ύφίλταθ’,
391 672 437 758 ὥς
453 669 494 746 εὖ
507 675 629 760 κᾶξίως
644 680 748 747 σέθεν
760 681 879 766 λέγεις.
1011 695 1062 751 990

59 789 163 850 ΠΛΜ.
180 788 216 850 τί
227 786 311 868 δῆτα
325 775 443 867 βούλει
460 780 623 867 δεύτερον
636 791 761 867 μαθεῖν
775 784 876 868 ἐμούς

59 891 123 951 ΕΚ.
179 889 210 954 εί
222 889 281 970 τῆς
293 881 455 970 τεκούσης
470 888 570 970 τῆσδε
583 878 751 970 μέμνηταί
762 891 796 951 τί
807 911 882 971 μου.

59 993 163 1053 ΠΛΜ.
179 987 236 1057 καλ
250 985 354 1073 δεῦρό
367 981 401 1072 μ’
418 981 462 1064 ὥς
475 986 513 1054 σὲ
527 984 673 1073 κρύφιος
687 986 791 1073 ἐζῆιει
804 995 931 1074 μολεῖν.

61 1095 123 1156 ΕΚ.
179 1084 305 1178 χρυσὸς
322 1087 359 1155 δὲ
376 1094 443 1168 σῶς
457 1083 498 1156 δν
513 1078 621 1173 ῆλθεν
635 1090 672 1156 ἐκ
691 1095 813 1177 Τροίας
827 1095 931 1175 ἔχωνς

61 1198 164 1258 ΚΛΜ.
181 1197 263 1276 σοῖς,
278 1192 315 1258 ἐν
333 1189 449 1277 δόμοις
462 1217 501 1278 γε
515 1206 585 1270 τοῖς
599 1193 690 1277 ἐμοῖς
704 1190 969 1279 φρουρούμενος.
1009 1206 1060 1261 995

61 1300 122 1360 ΕΚ.
180 1292 291 1362 σῶσόν
303 1319 370 1360 νυν
384 1288 489 1361 αύτόν
502 1289 581 1380 μηδ’
598 1298 741 1381 ἐρατῶν
754 1299 907 1380 πλησίον.

58 1401 162 1462 ΠΛΜ.
181 1391 307 1482 ἥκιστ’·
326 1392 471 1482 ὀναίμην
484 1402 545 1463 τοῦ
559 1394 739 1483 παρόντος,
755 1385 782 1463 ὦ
796 1394 908 1483 γύναι.

61 1504 122 1564 ΕΚ.
181 1494 273 1566 οἶσθ’
289 1485 352 1564 οὖν
370 1492 496 1579 δλέξαι
509 1504 566 1566 σοί
579 1525 615 1566 τε
632 1500 690 1566 καλ
703 1499 820 1567 παισὶν
833 1500 943 1579 θέλως

59 1605 162 1667 ΚΛΜ.
179 1595 242 1668 ούκ
257 1597 348 1668 οἶδα·
364 1606 410 1690 τῷ
424 1606 473 1691 σῷ
490 1607 591 1668 τοῦτο
607 1615 765 1688 σημανεῖς
777 1600 878 1692 λόγῳ.

59 1709 122 1769 ΕΚ.
181 1698 263 1788 ἔστ’,
280 1691 307 1769 ω’
323 1703 481 1789 φιληθελς
495 1698 540 1780 ὣς
554 1699 597 1770 σύ
611 1709 679 1770 νῦν
692 1705 766 1790 ἐμοὶ
783 1712 886 1789 φιλεῖ,
991 1719 1061 1771 1000

59 1810 162 1873 ΠΑΜ.
177 1811 213 1873 τί
226 1799 325 1893 χρῆμ’
342 1798 460 1891 ὃκύμδ
474 1805 531 1872 καλ
544 1801 637 1874 τέκν’
653 1807 779 1874 εἰδέναι
795 1806 922 1893 χρεύνς

60 1913 122 1974 ΕΚ.
180 1913 309 1996 χρυσοῦ
323 1908 463 1975 παλαιαὶ
476 1913 677 1995 Πριαμιδῶν
691 1907 892 1996 κατώρυχες.

58 2015 162 2078 ΠΛΜ.
179 2004 275 2080 ταῦτ’
292 2006 368 2077 ἔσθ’
385 2003 407 2076 α’
420 2008 538 2097 βούλει
550 2011 646 2078 παιδλ
659 2017 804 2097 σημῆναι
820 2013 941 2091 σέθενς

60 2117 122 2178 ΕΚ.
179 2111 337 2201 μάλιστα,
353 2109 410 2180 διὰ
423 2117 488 2181 σού
501 2107 548 2198 χ’·
576 2111 606 2181 ελ
623 2109 688 2201 γὰρ
704 2110 846 2200 εύσεβῆς
860 2109 956 2200 ἆνῆρ.

59 2219 161 2285 ΠΛΜ.
178 2222 213 2284 τί
227 2220 311 2302 δῆτα
324 2215 453 2283 τέκνων
473 2219 580 2284 τοῖνδε
594 2219 650 2283 δεῖ
660 2222 863 2302 παρουσίαςς
993 2231 1059 2286 1005

59 2322 121 2384 ΕΚ.
179 2313 335 2404 ἄμεινον,
353 2311 397 2404 ῆν
412 2313 456 2385 σὺ
470 2317 659 2406 κατθύνης,
674 2314 791 2386 τούσδ’
810 2321 945 2387 εἰδέναι.

60 2424 162 2489 ΠΛΜ.
178 2424 288 2498 καλῶς
302 2422 414 2500 ἔλεξας
427 2424 508 2508 τῆδε
520 2422 578 2488 κοιλ
591 2418 797 2509 σοφώτερον.

59 2527 121 2588 ΕΚ.
181 2517 274 2592 οἷσθ’
292 2511 356 2591 οὖν
369 2518 516 2601 Ἀθύνας
530 2518 626 2602 Ἰλίας
640 2527 697 2590 ἵνα
710 2524 842 2608 στέγαις

59 2628 161 2694 ΠΛΜ.
178 2620 319 2694 ἐνταῦθ’
341 2619 359 2692 ὁ
373 2624 497 2712 χρυσός
511 2628 596 2707 ἐστις
611 2639 751 2712 σημεῖον
767 2624 806 2692 δὲ
821 2632 873 2706 τίς

60 2731 120 2793 ΕΚ.
179 2730 320 2815 μέλαινα
334 2728 438 2815 πέτρα
453 2733 514 2814 γῆς
531 2723 771 2814 ὑπερτίλλουσ’
789 2723 870 2795 ἅνω.
993 2744 1060 2796 1010

60 2832 160 2897 ΠΛΜ.
179 2825 226 2899 ἔτ’
243 2819 307 2898 οὖν
321 2856 352 2897 τι
365 2828 481 2916 βούλει
497 2835 566 2898 τῶν
579 2833 651 2898 ἐκεῖ
664 2827 804 2916 φράζειν
816 2831 908 2916 ἐμοῖς

60 2935 120 2997 ΕΚ.
181 2938 292 3000 σῶσαί
306 2953 344 3001 σε
357 2927 506 3021 χρήμαθ’
523 2926 573 3011 οἷς
584 2933 796 3019 συνεξῆλθον
812 2935 914 3000 θέλω.

61 3036 160 3102 ΚΛΜ.
178 3040 246 3103 ποῦ
264 3040 365 3122 δῆτας
379 3036 517 3103 πέπλων
531 3031 625 3114 ἐντὸς
641 3028 824 3123 ῆκρύψασ’
841 3041 945 3121 ἔχειςς

59 3139 119 3201 ΕΚ.
180 3135 316 3206 σκύλων
330 3140 367 3206 ἐν
382 3133 470 3227 ὄχλῳ
485 3141 599 3206 ταῖσδε
615 3135 751 3219 σώζεται
766 3139 908 3225 στέγαις.

59 3237 159 3307 ΚΛΜ.
178 3246 246 3308 πού
260 3236 293 3308 δ’
305 3270 313 3322 ς
329 3235 398 3307 αἵδ’
412 3236 553 3324 ’Λχαιων
570 3238 729 3326 ναύλοχοι
741 3245 951 3326 περιπτυχαί.
994 3257 1059 3309 1015

61 3343 119 3406 ΕΚ.
180 3346 251 3429 λδίηι
276 3347 450 3429 γυναικῶν
464 3346 719 3428 αἰχμαλωτίδων
732 3343 855 3428 στέγαι.

59 3445 158 3511 ΠΑΜ.
177 3439 303 3513 τᾶνδον
319 3443 358 3512 δὲ
371 3441 469 3512 πιστὰ
482 3439 658 3533 κᾶρσένων
671 3447 807 3531 ἐρημίας

62 3548 119 3610 ΕΚ.
179 3543 293 3626 οὐδεὶς
303 3537 445 3634 Ἀχαιοῖν
459 3549 576 3632 ἔνδον,
592 3541 666 3614 ἀλλ’
682 3540 777 3631 ἡμεῖς
790 3541 900 3631 μόναι,
