2517 3934
580 209 733 268 ΕΛΕΝΗ

275 378 374 465 γέρας
388 372 433 444 οὗ.
445 368 560 461 γέρας,
577 371 651 442 ἀλλ’
669 381 741 462 ἐριν

275 483 423 547 Δαναῶν
436 478 584 565 νεφέλαν
598 478 654 544 ἐπὶ
667 477 790 544 ναυσὶν
804 474 907 562 α’γων,
1101 493 1170 552 11³5

277 585 417 648 είδωλον
432 576 507 663 ἱρὸν
517 575 632 664 Ἥρας.

276 678 295 750 ό
308 709 340 750 τι
354 678 435 760 θεὸς
449 675 470 766 η”
483 677 527 767 μὴ
542 677 623 758 θεὸς
637 674 659 766 ἢ
672 677 710 746 τό
724 681 838 767 μέσον.
1026 700 1097 770 στρ.

276 790 325 862 τίς
341 779 417 869 φηιί
434 777 616 869 ἐρευνήσας
629 787 761 869 βροτῶν

276 883 484 971 μακρότατον
498 885 600 970 πέρας
615 879 739 970 εὑρεῖνη

275 982 311 1065 δς
324 983 365 1053 τά
378 991 471 1053 θεῶν
486 988 586 1074 ἐσορᾷ
1099 999 1168 1052 1140

276 1093 378 1175 δεῦρο
393 1088 449 1154 καὶ
463 1076 566 1166 αὖθις
580 1089 687 1156 ἐκεῖσε
1220 1075 1225 1084 ⁸

274 1190 330 1258 καὶ
346 1188 448 1256 πάλιν
462 1185 649 1275 ἀντιλόγοις

275 1287 424 1377 πηδῶντ’
440 1287 651 1370 ἀνελπίστοις
664 1290 794 1376 τόχαις;

273 1391 317 1460 σὺ
330 1391 414 1472 Διὸς
424 1390 530 1480 ἔφυς,
547 1383 573 1459 ῶ
587 1390 717 1478 Ἑλένα,
732 1391 902 1482 θυγάτηρ·

274 1491 397 1573 πτανὸς
411 1491 474 1582 γάρ
489 1497 526 1563 ἐν
540 1493 675 1573 κόλποις
689 1515 727 1562 σε
739 1495 810 1581 Λη’-
1099 1509 1165 1563 1145

274 1600 334 1676 δας
348 1599 508 1664 ἐτέκνωσε
522 1595 641 1685 πατήρ.

273 1700 328 1760 καί
343 1693 417 1779 ἰαχὴ
431 1696 472 1780 σὴ
490 1695 569 1764 καθ’
581 1695 755 1768 Ἑλλανίαν

274 1793 388 1877 ἀδικος
402 1796 559 1885 προδότις
573 1795 709 1877 άπιστος
723 1795 841 1878 ἀθεος·
857 1795 934 1866 οὐδ’
951 1805 1014 1885 ἐγω

275 1905 310 1966 τί
323 1896 360 1967 τὸ
378 1901 498 1985 σαφές,
514 1895 534 1966 ὅ
548 1927 578 1967 τι
593 1897 667 1967 ποτ’
686 1903 724 1968 ἐν
746 1907 888 1988 βροτοῖς.

273 1998 309 2068 τὸ
325 2007 419 2068 θεῶν
433 2008 510 2080 ἐπος
523 1997 648 2080 ἀλαθὲς
659 1993 775 2089 ηὗρον.
1098 2019 1165 2069 1150

274 2097 420 2189 άφρονες
434 2098 507 2170 ὅσοι
522 2098 578 2181 τάς
593 2099 711 2191 ἀρετὰς
726 2106 859 2195 πολέμῳ
1020 2098 1092 2170 ἀντ.

273 2210 399 2271 κτᾶσθε
413 2202 511 2290 δορὸς
525 2200 667 2272 ἀλκαίου
681 2205 815 2292 λόγχαι-

272 2324 328 2372 σιν
342 2303 612 2392 καταπαυόμενοι
625 2305 689 2376 πό-

272 2432 354 2488 νους
368 2413 506 2475 θνατῶν
520 2402 671 2488 ἀπαθῶς.

274 2513 305 2574 εί
316 2506 380 2594 γάρ
395 2504 516 2595 άμιλλα
530 2525 641 2594 κρινεῖ
652 2537 708 2578 νιν

272 2613 422 2695 αἵματος,
438 2605 557 2678 οὔποτ’
575 2617 643 2698 ἔρις

271 2717 380 2790 λείψει
394 2708 468 2778 κατ’
486 2708 680 2800 ἀνθρῶπων
693 2709 815 2792 πόλεις.

273 2815 309 2877 αἳ
322 2817 507 2897 Πριαμίδος
528 2823 589 2902 γᾶς
607 2821 726 2883 -ἐλιπον
740 2814 925 2902 θαλάμους,

272 2911 346 2993 ἐξὸν
361 2918 547 3000 διορθῶσαι
562 2915 674 3003 λόγοις

270 3011 334 3080 σάν
349 3020 438 3101 ἔριν,
454 3006 481 3082 ῶ
497 3011 622 3085 Ἑλένα.
1091 3030 1162 3085 1160

271 3120 337 3182 νῦν
353 3111 385 3181 δ’
402 3122 436 3184 οἳ
448 3116 509 3203 μὲν
521 3113 620 3207 ’Ἅιδᾳ
633 3121 789 3205 μέλονται
802 3119 903 3205 κάτω,

269 3222 377 3302 τείχεα
391 3216 429 3284 δέ
443 3217 607 3306 φλογερὸς
626 3216 711 3289 ῶστε
723 3218 808 3300 Διὸς
828 3224 968 3291 ἐπέσυτο
982 3217 1077 3304 φλόξ,

268 3319 322 3385 ἐπὶ
337 3319 374 3386 δὲ
390 3319 502 3388 πάθεα
516 3320 640 3390 πάθεσι
655 3324 767 3408 φέρεις

269 3413 403 3499 ἀθλίοις
418 3424 454 3490 ἐν
467 3438 656 3512 συμφοραῖς
669 3431 820 3503 αἰλίνοις.
899 3487 905 3493 .
929 3490 932 3496 .

437 3538 623 3592 1137-1150
636 3555 677 3581 =
692 3541 880 3594 1151-1164
