2517 3934
472 202 679 264 ΙΚΕΤΙΔΕΣ
1013 201 1074 267 387

183 381 292 467 χαίρει
306 374 345 444 δὲ
357 373 504 466 πλούτῳ.
532 370 626 444 ταῦτ’
646 371 787 461 ἀφέντες
801 380 837 444 οί
848 376 946 444 κακοὶ

180 479 347 566 πολέμους
360 472 616 564 ἀναιρούμεσθα
628 479 686 545 καὶ
700 475 760 546 τόν
773 473 900 565 ἥσσονα

181 575 390 667 δουλούμεθ’
406 574 529 664 ἄνδρες
541 574 651 664 ῦυδρα
664 580 721 647 καὶ
734 579 829 661 πόλις
841 579 952 648 πόλιν.

180 680 224 752 σῦ
239 679 272 750 δ’
289 678 415 770 ῦνδρας
429 678 574 769 ἐχθρούς
587 682 645 749 καὶ
659 680 828 761 θανόντας
840 678 993 769 ὠφελεῖς,

182 784 326 853 θάπτων
341 790 486 871 κομίζων
499 779 538 850 θ’
550 781 649 871 ῦβρις
666 781 727 864 οῦς
744 783 928 854 άποόλεσευ.
1025 798 1079 852 405

183 883 227 955 οῦ
240 881 315 973 πάρ’
332 881 379 953 ἔτ’
395 880 510 973 όρθῦς
523 886 709 966 Καπανέως
722 886 903 975 κεραύνιον

182 991 285 1076 δέμας
299 993 504 1073 καπνοῦται,
518 986 692 1073 κλιμάκων
706 984 913 1075 ὀρθοστάτας

182 1087 219 1171 ῦς
233 1084 436 1178 προσβαλῶν
448 1088 607 1158 πύλαισιν
621 1086 752 1177 όόμοσευ
765 1091 866 1159 πόλιν

183 1194 322 1281 πέρσειν
334 1197 423 1259 θεοῦ
434 1192 596 1271 θέλοντος
607 1188 652 1279 ἦν
665 1218 701 1260 τε
717 1190 762 1280 μὴ
777 1194 873 1281 θέλη,

186 1290 264 1363 οὐδ’
279 1290 432 1382 ἥρπασεν
444 1293 606 1381 χάρυβδις
622 1294 864 1380 οἰωνοσκόπον,
1026 1309 1078 1361 500

185 1399 375 1484 τέθριππον
388 1391 479 1483 άρμα
493 1402 724 1484 περιβαλοῦσα
738 1395 889 1484 χάσματι,

184 1495 280 1568 ἄλλοι
294 1524 331 1567 τε
347 1511 475 1567 κεῖνται
489 1494 573 1583 πρὸς
588 1498 711 1578 πύλαις
725 1500 900 1585 λοχαγέται

184 1604 318 1689 πέτροις
330 1602 594 1681 καταξανθέντες
608 1597 735 1670 ὀστέων
748 1599 867 1689 ῥαφάς.

183 1700 205 1792 η’
219 1730 286 1772 νυν
299 1716 441 1791 φρονεῖν
454 1698 595 1791 ῦμεινον
608 1703 739 1790 ἐξαύχει
754 1703 849 1789 Διός,

184 1800 207 1893 ἢ
219 1803 325 1884 θεοὺς
339 1809 477 1884 δικαίως
489 1804 570 1885 τοῦς
584 1804 710 1885 κακοὺς
725 1802 924 1875 άπολλύναι.
1027 1818 1078 1873 505

184 1916 299 1997 φιλεῖν
313 1906 376 1995 μέν
388 1896 454 1975 οῦν
466 1905 528 1994 χρὴ
543 1905 623 1987 τοῦς
635 1905 765 2033 σοροὺς
778 1914 913 1996 πρῶτον
926 1908 1037 1990 τέκνα,

187 2017 301 2079 ἔπειτα
316 2011 432 2088 τοκέας
445 2015 591 2097 πατρίδα
604 2006 657 2096 θ’,
670 2006 715 2097 ἢν
728 2004 845 2091 αῦξειν
858 2037 968 2098 χρεων

185 2113 243 2182 καὶ
256 2139 301 2201 μη
289 2109 463 2193 κατᾶξαι.
496 2109 701 2201 σφαλερόν
683 2111 819 2235 ηχεμώυ
832 2109 966 2200 θρασύς

184 2213 271 2295 νεός
283 2239 320 2283 τε
333 2212 472 2301 ναύτης·
487 2209 610 2302 η’συχος
623 2220 729 2306 καιρῷ
744 2212 858 2302 σοφός.

185 2319 243 2386 καὶ
256 2315 357 2385 τοῦτό
370 2343 422 2384 τοι
436 2311 665 2405 τάνδρείον,
646 2344 667 2404 η
682 2322 867 2404 προμηθία.
1030 2332 1080 2385 510

133 2470 142 2486 .
183 2407 397 2508 ἐξαρκέσας
374 2445 419 2505 ην
431 2415 547 2499 Ζεῦς
531 2446 549 2487 ο
563 2417 822 2506 τιμωρούμενος,

185 2517 271 2648 ἡμᾶς
285 2517 317 2590 δ’
333 2516 484 2609 ὑβρίζειν
498 2517 562 2590 οῦκ
576 2524 677 2608 έχρῆυ
690 2517 819 2589 τοιάνδ’
836 2516 949 2609 ῦβριυ.

138 2675 146 2689 .
188 2651 215 2692 ω
229 2621 484 2710 παγκάκιστε-

505 2720 767 2813 σῖγ’,Ἅδραστ’,
782 2731 836 2811 ἔχε
849 2722 954 2813 στόμα

186 2829 243 2896 καὶ
257 2825 302 2915 μὴ
313 2823 518 2915 ’πίπροσθεν
530 2833 599 2896 τῶν
612 2831 703 2915 έμῦυ
716 2825 794 2907 τοῦς
807 2824 888 2907 σούς
902 2826 1024 2916 λόγους

185 2937 269 3019 θῇς·
285 2926 327 2997 οῦ
342 2926 406 3017 γάρ
421 2925 496 3017 ἥκει
510 2928 594 3018 πρὸς
607 2930 645 2999 σὲ
659 2929 840 3018 κηρύσσων
853 2925 923 3017 ῦδε,
1029 2943 1080 2997 515

186 3028 263 3101 ἄλλ’
279 3027 325 3112 ῦς
338 3027 409 3119 ἔμ’·
425 3028 511 3119 ἡμᾶς
524 3028 797 3121 κάποκρίνασθαι
811 3032 931 3121 χρεόν.

186 3134 244 3202 καὶ
257 3140 373 3220 πρῶτα
386 3135 448 3221 μέν
461 3156 499 3203 σε
513 3132 597 3222 πρὸς
610 3134 651 3203 τά
665 3131 770 3224 πρῶτ’
789 3132 982 3223 ἀμείψομαι.

187 3231 252 3305 οῦκ
266 3233 331 3304 οἶδ’
347 3234 413 3324 ἐγώ
427 3238 580 3324 Κρέοντα
593 3233 786 3321 δεσπόζοντ’
803 3241 886 3324 ἐμοῦ

187 3334 269 3407 οῦδὲ
281 3340 450 3407 σθένοντα
464 3347 591 3426 μεῖζον,
607 3336 686 3410 ὥστ’
704 3336 891 3426 ἀναγκάσαι

138 3456 143 3464 ’
187 3445 274 3529 δρῦν
287 3437 346 3521 τάς
355 3437 500 3528 Ἀθήνας
515 3438 628 3510 ταῦτ’·
645 3439 714 3511 ῦυω
729 3438 794 3530 γάρ
811 3435 853 3509 άν
868 3442 937 3529 ῥέοι
1028 3455 1080 3508 520

185 3541 227 3613 τὰ
241 3538 416 3632 πράγμαθ’
431 3542 549 3630 οῦτως,
566 3550 598 3613 εί
612 3540 853 3633 ’πιταξόμεσθα
868 3542 921 3631 δή.

862 3639 927 3702 25*
