2517 3934
535 191 682 249 EKABH
1052 189 1112 256 167

226 358 310 450 πρὸς
321 365 428 428 ταῦτα
443 355 613 449 φρόντιζ’·
632 355 677 438 ὡς
690 361 837 428 θέλοντα
850 363 913 447 μέν
925 359 963 449 μ’
979 370 1064 450 έχεις

224 464 277 532 σοί
290 464 502 548 ξυμπονῆσαι
516 462 572 529 καί
586 458 692 547 ταχύν
705 464 940 551 προσαρκέσαι,

223 563 357 652 βραδύν
371 559 419 649 δ’,
429 559 570 649 Ἀχαιοῖς
585 568 617 630 εί
629 562 910 651 διαβληθήσυμαι.

167 717 175 734 .
222 686 306 755 φιν·

223 765 286 836 ούιι
302 773 370 837 ἔστι
385 773 524 853 θνητῶν
538 763 628 846 ὅστις
643 763 711 836 ἔστ’
728 766 924 857 ἐλεύθερος·

223 864 245 957 ἦ
257 869 436 957 χρημάτων
449 865 515 956 γάρ
530 867 653 948 δοῦλός
666 870 757 938 έστιν
770 863 792 956 ἢ
806 868 918 957 τύχης,
1061 886 1114 944 888

223 965 246 1059 ἢ
260 977 391 1058 πλῆθος
404 967 510 1039 αύτὸν
524 970 644 1050 πόλεος
656 965 679 1057 ἢ
691 971 806 1058 νόμων
819 973 949 1060 γραφαί

225 1083 376 1161 εἴργουσι
389 1079 535 1161 χρῆσθαι
547 1070 592 1159 μὴ
607 1069 693 1140 κατά
704 1072 842 1161 γνάμην
856 1072 1002 1162 τρόποις.

224 1176 297 1244 ἐπεὶ
310 1174 348 1244 δὲ
360 1181 495 1264 ταρβεῖς
508 1180 554 1264 τῷ
569 1170 599 1241 τ’
617 1170 707 1265 ὄχλῳ
720 1177 825 1243 πλέον
839 1177 960 1262 νέμεις,

173 1349 177 1354 ,
224 1276 289 1364 έγαί
303 1298 341 1346 σε
354 1274 452 1364 θήσω
466 1271 561 1344 τοῦδ’
578 1275 763 1365 ἐλεύθερον
777 1275 898 1365 φόβου.

221 1376 360 1447 σύνισθι
374 1378 436 1465 μὲν
449 1373 532 1467 γάρ,
547 1374 590 1464 ἦν
604 1406 636 1445 τι
650 1377 826 1465 βουλεύσω
840 1377 948 1448 κακὸν
1059 1396 1112 1452 870

223 1487 268 1571 τῷ
282 1476 377 1549 τόνδ’
394 1476 646 1566 ἀποκτείναντι,
661 1479 854 1569 συνδράσης
868 1481 906 1550 δὲ
919 1480 974 1568 μή.

222 1577 264 1669 ἢν
280 1579 313 1649 δ’
331 1584 363 1664 ἐξ
375 1579 516 1667 Ἀχαιῶν
529 1580 681 1669 θόρυβος
694 1575 900 1671 η”πικουρία

221 1683 402 1771 πάσχοντος
417 1679 541 1773 άνδρδς
556 1682 688 1772 Θρηκδς
700 1677 755 1753 οἷα
768 1690 917 1754 πείσεται

222 1793 314 1876 φανῇ
328 1814 394 1872 τις,
410 1784 501 1872 είργε
514 1781 559 1872 μὴ
574 1790 688 1854 δοκῶν
702 1783 786 1874 έμὴν
797 1786 905 1874 χάριν.

220 1885 261 1956 τά
276 1884 308 1956 δ’
327 1885 411 1958 ἄλλα
425 1887 564 1977 θάρσει·
581 1883 681 1956 πάντ’
698 1886 763 1975 έγά
778 1885 876 1976 θήσω
890 1896 1009 1969 καλῶς.
1059 1904 1110 1961 875

166 2040 173 2056 .
220 1996 291 2069 πῶς
306 1979 440 2072 ούν;’τί
451 1988 602 2078 δράσεις;
617 1989 743 2077 πότερα
758 1989 933 2077 φάσγανον
946 1993 1018 2078 χερί

220 2098 371 2179 λαβοῦσα
385 2098 488 2182 γραίᾳ
502 2098 598 2178 φῶτα
612 2090 786 2179 βάρβαρον
798 2107 936 2178 κτενεῖς,

221 2189 244 2281 ἦ
257 2191 482 2283 φαρμάκοισιν
495 2187 700 2284 η”πικουρίρι
713 2199 797 2276 τίνις

219 2302 270 2375 τίς
284 2318 336 2366 σοι
350 2297 505 2378 ξυνέσται
519 2301 611 2383 χείρς
631 2294 740 2364 πόθεν
756 2295 868 2383 κτήσει
882 2302 1020 2385 φίλους;

166 2450 175 2465 .
221 2400 334 2486 στέγαι
347 2393 532 2467 κεκεύθασ’
548 2401 621 2466 αἵδε
641 2397 811 2489 Τρῳάδων
823 2394 932 2484 ὅχλον.
1059 2413 1111 2467 880

166 2552 173 2567 .
219 2497 278 2579 τάς
291 2498 519 2588 αἰχμαλώτους
535 2497 640 2585 είπας,
650 2495 817 2586 Ἑλλήνων
831 2496 957 2588 άγραν;

167 2653 175 2668 .
218 2600 285 2670 σύν
299 2606 414 2672 ταῖσδε
427 2600 487 2670 τὸν
501 2599 582 2688 έμὸν
595 2602 703 2688 φονέα
717 2600 956 2689 τιμωρήσομαι.

165 2756 173 2769 .
220 2703 278 2772 καί
291 2710 361 2784 πῶς
374 2704 529 2791 γυναιξὶν
542 2700 695 2792 άρσένων
711 2709 802 2774 ἔσται
816 2702 953 2790 κράτος;

167 2857 175 2871 .
220 2803 336 2874 δεινὸν
349 2803 387 2874 τὸ
402 2812 531 2892 πλῆθος
543 2802 608 2872 σὺν
621 2803 712 2896 δύλρι
727 2831 763 2873 τε
777 2803 957 2892 δύσμαχον.

167 2958 174 2973 .
219 2907 351 2976 δεινόν·
367 2905 404 2975 τὸ
419 2909 534 2994 μέντοι
547 2912 639 2993 θῆλυ
653 2909 825 2994 μέμφομαι
839 2907 945 2994 γένος.
1059 2921 1110 2976 885

168 3060 175 3074 .
218 3015 254 3077 τί
266 3006 299 3076 δ’
312 3040 320 3092 ;
344 3004 387 3077 ού
402 3023 559 3095 γυναῖκες
573 3003 666 3077 εἷλον
677 3008 856 3097 Αίγύπτον
868 3011 969 3078 τέκνα

218 3112 275 3179 καὶ
287 3117 427 3200 Λῆμνον
440 3107 549 3200 άρδην
562 3106 715 3199 άρσένων
728 3110 906 3203 ἐξῴκισανς

220 3209 293 3281 ἀλλ’
310 3208 355 3293 ιδς
369 3214 538 3300 γενέσθω·
556 3212 655 3280 τόνδε
668 3213 731 3300 μέν
743 3216 846 3300 μέθες
860 3209 972 3302 λόγον,

219 3316 352 3402 πέμψον
367 3316 408 3384 δέ
418 3341 475 3401 μοι
487 3311 584 3402 τήνδ’
600 3309 760 3402 άσφαλῶς
773 3314 830 3384 διά
844 3320 986 3402 στρατοῦ

220 3433 374 3503 γυναῖκα.
403 3413 516 3485 καὶσὺ
532 3419 640 3506 Θρῃκὶ
653 3425 819 3486 πλαθεῖσα
833 3418 916 3507 ξένρι
1058 3428 1109 3484 898

220 3520 330 3603 λέξον·
349 3526 447 3588 καλεῖ
457 3515 489 3586 σ’
507 3514 638 3586 άνασσα
651 3518 694 3605 δή
709 3515 783 3586 ποτ’
796 3514 895 3585 Ἰλίου
