2517 3934
535 188 809 247 HPAKAEIAAI

290 377 328 429 ος
339 347 446 418 πολλα
460 346 566 436 μὲν
532 375 594 415 τον
605 344 687 415 ονθ
701 344 791 415 όιτον
807 344 871 414 στὶ
881 349 1016 415 νννέ
975 376 1045 436 μον

289 431 382 501 παῖδ’
376 432 554 540 ἠξίωσας,
567 424 594 499 6
606 428 773 538 πανοῦργ’
777 483 787 517 ,
799 376 1020 519 ἐφυβρίσαι

289 518 383 624 66
344 545 408 605 γαρ
419 514 463 584 σύ
475 530 588 585 κεῖνον
601 514 665 583 οόκ
677 522 772 620 ἔτλης
783 522 989 619 καθυβρίσαι
996 527 1020 604 3]

290 629 327 681 ος
339 606 393 669 καὶ
406 625 472 687 ιιαρ
475 598 615 708 Ἀιδήν
626 600 733 681 ζῶντά
745 626 801 667 νιν
814 603 1009 711 κατήγαγες,

288 682 581 788 όδραςλέοντόςτ’
597 684 938 791 έξαιιολλόναιλέγων
1144 702 1190 758 956

290 776 442 874 ἔπεμπες.
460 766 589 873 66666'
603 764 647 836 οἷ’
662 767 912 873 έμηχανῶκακδι

288 862 373 960 σιγῶ
382 850 530 959 μακρός
541 851 607 940 γὰρ
621 859 733 957 66609
744 848 788 919 ἄν
799 852 939 959 γένοιτό
943 880 1011 940 μοι.

292 937 378 1007 κοόκ
388 937 529 1043 ηρκεσέν
541 956 594 1005 σοι
606 944 711 1004 ταῦτα
722 944 884 1046 τολμήσαι
896 937 1013 1042 μόνον,

290 1019 364 1091 ἀλλ’
380 1018 439 1103 έξ’
424 1022 553 1106 απάσής
565 1020 649 1109 κάμὲ
661 1025 716 1089 καὶ
726 1020 817 1089 τέκν’
832 1020 988 1131 Ἑλλάδος

289 1105 554 1216 ήλαννεςέκέτας
568 1103 976 1217 δαιμόνωνκονθήμένονς,
1146 1122 1191 1176 955

291 1190 371 1268 τοὺς
381 1192 442 1298 μὲν
454 1191 623 1297 γέροντας,
637 1188 717 1269 τοός
727 1188 765 1257 66
777 1197 924 1297 νήιτίονς
931 1196 988 1257 ἔτι.

292 1272 367 1345 ἀλλ’
364 1268 829 1382 ήῦρεςανδραςκαὶιιόλισμ’
847 1273 1043 1377 ἐλεύθερον,

291 1364 326 1427 οἳ
339 1358 372 1426 σ’
390 1356 453 1426 οὐκ
466 1364 608 1426 ἔδεισαν.
621 1363 675 1424 δεῖ
684 1378 721 1424 σε
734 1370 916 1427 κατθανεῖν
916 1366 1048 1465 κακῶς,

291 1446 346 1510 καὶ
353 1440 562 1551 κερδανεῖς’
542 1468 688 1509 αιταντα
706 1449 791 1549 6666
807 1442 871 1529 γὰρ
883 1441 946 1528 οὐχ
957 1440 1043 1521 όῖιιαξ

291 1525 470 1635 θνήσκειν
466 1526 503 1593 σὲ
516 1524 622 1593 πολλοὶ
635 1528 747 1630 κήματ
749 1524 1037 1614 ’ἐξειργασμένον
1148 1539 1194 1595 960

186 1616 283 1677 ΑΓΓ.
291 1608 356 1679 οὐκ
368 1609 437 1679 ἔστ’
451 1607 601 1717 ήννστήν
612 1611 711 1679 τόνδε
722 1632 776 1679 σοι
787 1626 1019 1681 κατακτανεῖν.

185 1703 257 1762 ΑΛ.
294 1692 470 1780 6666966'
487 1693 969 1803 αότόναίχμόλωτονεῗλομεν.

293 1788 396 1863 εῖργει
408 1780 445 1845 δὲ
457 1777 545 1865 66
511 1806 560 1858 τις
571 1781 671 1846 τόνδε
682 1806 740 1883 μή
716 1780 860 1848 θανεῖν
870 1782 991 1888 νόμως

187 1869 285 1931 ΑΓΓ.
299 1878 367 1942 τοῖς
371 1868 479 1971 τήσδε
493 1865 602 1949 χώρας
613 1865 851 1945 αροστάταισιν
863 1892 906 1933 ου
896 1864 1020 1933 ’.δοκεῖ

186 1955 259 2015 ΑΛ.
293 1953 327 2014 τί
324 1947 388 2055 δή
396 1944 487 2014 τόδ’·
479 1947 652 2050 έχθρους
663 1947 782 2015 τοισίδ
800 1974 842 2017 ου
832 1946 960 2017 καλον
971 1960 1127 2029 κτανεῖν
1149 1960 1195 2015 96⁵

186 2038 283 2100 ΑΓΓ.
293 2028 355 2117 οὐχ
368 2030 474 2099 ὅντιν’
489 2030 532 2098 66
544 2059 581 2117 γε
594 2029 698 2112 ζῶνθ’
713 2034 835 2100 ἕλωσιν
847 2032 940 2100 ἐν’
895 2059 992 2119 μαχή.

186 2124 259 2183 ΑΛ.
294 2118 465 2183 καὶταῦτα
480 2113 619 2222 δόξανθ’
637 2114 970 2226 Τλλοςέξήνεσχετο

187 2206 286 2269 ΑΓΓ.
296 2227 382 2286 χρήν
406 2196 439 2267 δ
467 2196 572 2304 αὐτόν
579 2198 708 2285 ,,οἷμαι
701 2199 797 2314 τῇδ’
814 2199 1117 2309 ιἰιτιστήσαιχθονί

186 2294 259 2354 AA.
296 2253 711 2393 χρήντόνδεμήζήνμήδ’
725 2273 769 2352 ἔτ’
792 2285 930 2365 εἰσορᾶν
952 2284 1047 2369 φιλας.

1238 339 1239 368 ι

1237 373 1240 420 λ

188 2376 251 2437 ΑΓ
247 2375 285 2437 Γ
294 2369 351 2436 τότ
355 2366 527 2477 ’ήδικήθη
539 2375 674 2453 ιτριότον
686 2396 728 2437 ον
718 2367 861 2438 ’θανεδν
872 2367 940 2436 όδε.
1149 2379 1198 2436 970
1242 2373 1243 2458 ή

187 2461 260 2521 AA
297 2451 427 2559 οήκονν
439 2459 473 2519 έτ
493 2455 583 2520 ἐστὶν
586 2456 733 2559 ένκαλῷ
745 2458 912 2521 δοῦναιέ
877 2458 912 2520 δέ
911 2478 993 2538 κήν;
1092 2498 1096 2506 -

187 2543 285 2606 ΑΓΓ
296 2534 360 2604 οὐκ
372 2542 442 2603 ἔστι
451 2545 572 2603 τοῦτον
583 2533 675 2616 ὅστις
686 2535 728 2604 ἂν
740 2538 950 2606 κατακτόνοι

187 2628 260 2689 ΑΛ.
297 2627 417 2725 ἔγωγε·
430 2628 537 2689 καίτοι
549 2624 635 2707 φημι
647 2648 714 2708 καμ
717 2618 828 2689 ἐἷναί
842 2649 928 2690 τινα.
987 2672 993 2678 -

189 2711 288 2774 Α.ΓΓ
298 2703 426 2790 πολλήν
433 2703 570 2812 ὑφέξεις
581 2708 722 2813 μέμψιν,
735 2712 767 2774 εἰ
778 2707 912 2791 δράσεις
922 2703 1010 2773 τόδε.

188 2798 262 2858 AA.
295 2798 385 2875 φιλῶ
397 2787 617 2877 ιτόλιντήνδῆ
610 2758 972 2858 ·οόδὲνάνιιλεκτέον.
1150 2799 1200 2877 975

291 2900 414 2941 τουτον
425 2873 457 2941 δ
462 2877 622 2982 ,έιτείπερ
628 2891 740 2960 χεῖρας
751 2868 859 2975 ήλθεν
871 2880 918 2953 εἰς
929 2874 1020 2960 ἐμός,

294 2955 359 3025 οὐκ
372 2964 440 3024 ἔστι
451 2926 622 3061 6666st
602 2980 694 3039 οστις
706 2961 920 3065 ἐξαιρήσεται.

295 3039 397 3144 ιιρός
391 3048 495 3109 ταῦτα
506 3041 568 3128 τήν
578 3042 775 3127 θρασεῖαν”
756 3066 847 3122 οστις
857 3040 900 3110 66
908 3043 1013 3146 θέλῃ

296 3123 424 3211 καλιήν
435 3132 634 3235 φρονοῦσαν
645 3123 789 3237 μείζον’
768 3155 789 3213 6
800 3142 942 3231 γυναῖκα
955 3122 1018 3211 χρή

296 3213 396 3291 λέξει·
409 3209 493 3278 τόδ’
508 3215 610 3295 ἔργον
621 3237 702 3279 τουτ
705 3210 1026 3317 έμολιτειιρόξετμι.
1150 3222 1201 3278 980

195 3303 263 3363 XO.
298 3297 413 3363 δεινόν
427 3323 459 3363 τι
470 3297 523 3363 καὶ
519 3297 773 3400 συγγνωστόν,
785 3288 813 3363 6
825 3297 978 3399 γήναι,σ
983 3290 1073 3377 ’ἔχει

297 3391 394 3482 μῖσος
413 3380 510 3485 ιτρδς
515 3376 623 3463 ἄνδρα
634 3378 750 3462 τόνδε,
762 3381 946 3483 γιγνώσκω
949 3383 1068 3454 καλῶς

196 3468 263 3528 ΕΤ
299 3462 416 3547 γύναι,
429 3465 498 3547 σοὶφ
503 3460 599 3529 ’ἴσθι
613 3464 659 3547 μή
671 3488 711 3547 με
722 3462 947 3531 θωιιενσοντα
959 3480 1008 3543 σε,
