2517 3934
574 201 723 259 ΕΚΑΒΗ

258 369 362 440 ἄκουε
377 369 419 458 δή
434 392 516 439 νυν·
537 366 597 439 τόν
610 370 762 438 θανόντα
775 365 868 440 τόνδ’
885 366 983 461 δρᾷςς

258 480 381 543 τοῦτον
395 478 504 552 καλῶς
519 476 611 561 δρῶν
626 467 708 541 ὄντα
721 471 887 560 κηδεστὴν
900 475 1002 542 σέθεν

257 576 400 666 δράσεις.
428 574 502 654 ἑνός
516 601 572 661 μοι
585 582 697 661 μῦθος
711 573 827 663 ἐνδεὴς
841 581 899 644 ἔτι.
1096 589 1148 644 835

258 688 292 747 εί
302 705 359 766 μοι
372 679 503 766 γένοιτο
518 677 670 764 φθόγγος
685 679 722 745 έν
736 684 892 767 βραχίοσι

256 782 313 850 καὶ
327 781 421 867 χερσὶ
435 779 493 847 καὶ
508 778 643 866 κόμαισι
656 781 714 849 καὶ
727 784 844 848 ποδῶν
858 779 954 867 βάσει

256 877 277 970 ἢ
291 880 466 950 Δαιδάλου
482 882 651 967 τέχναισιν
665 876 688 968 ἢ
701 889 795 950 θεῶν
807 909 908 968 τινος,

258 981 302 1064 ὡς
315 980 422 1053 πάνθ’
439 979 566 1072 ὁμαρτῇ
581 989 652 1052 σῶν
665 991 792 1070 ἔχοιντο
807 984 982 1073 γουνάτων
1062 1049 1065 1053 ,

255 1081 403 1156 κλαίοντ’
421 1085 666 1172 έπισκήπτοντα
680 1093 861 1166 παντοίους
876 1085 1008 1174 λόγους.
1095 1098 1146 1156 840

257 1179 284 1259 ω
299 1185 447 1274 δέσποτ’,
463 1179 490 1256 ύ
504 1185 825 1277 μέγιστονἝλλησιν
839 1188 934 1278 φάος,

256 1298 380 1379 πιθοῦ,
395 1290 561 1380 παράσχες
574 1306 669 1379 χεῖρα
682 1298 723 1380 τῇ
737 1291 935 1381 πρεσβύτιδι

256 1392 419 1482 τιμωρόν,
437 1400 468 1462 εί
480 1394 537 1461 καὶ
550 1395 657 1480 μηδέν
671 1396 778 1481 έστιν,
793 1390 868 1462 ἀλλ’
884 1389 983 1481 ὅμως.

257 1499 382 1564 ἐσθλοῦ
396 1493 460 1585 γὰρ
474 1490 598 1584 ἀνδρὸς
610 1501 652 1583 τῇ
667 1500 746 1584 δίκη
761 1491 799 1564 θ’
816 1493 997 1584 ὑπηρετεῖν

255 1594 405 1675 καὶτοὺς
419 1594 543 1676 κακούς
557 1601 644 1686 δρᾶν
657 1605 828 1684 πανταχοῦ
842 1605 952 1678 κακῶς
966 1594 1029 1667 άεί.
1096 1609 1146 1664 845

205 1753 213 1766 .
255 1700 369 1768 δεινόν
384 1724 439 1784 γε,
454 1708 593 1786 θνητοῖς
609 1695 654 1778 ὥς
668 1695 800 1769 άπαντα
813 1707 1003 1788 συμπίτνει,

256 1802 313 1870 καὶ
327 1798 385 1880 τὰς
398 1795 546 1888 ἀνάγκας
559 1805 594 1869 οί
604 1801 703 1888 νόμοι
718 1801 892 1891 διώρισαν,

257 1910 378 1990 φίλους
391 1905 542 1983 τιθέντες
555 1902 634 1983 τούς
648 1930 687 1990 γε
700 1905 970 1991 πολεμιωτάτους

257 2004 401 2094 ἐχθρούς
415 2031 451 2072 τε
464 2003 544 2084 τούς
557 2006 639 2094 πρὶν
654 2003 805 2094 εὐμενεῖς
819 2005 1025 2094 ποιούμενοι.

140 2113 210 2175 ΑΓ.
256 2105 321 2194 έγύ
336 2107 373 2175 σδ
387 2108 444 2175 καὶ
458 2104 520 2176 σδν
532 2112 637 2176 παῖδα
651 2110 709 2177 καὶ
721 2108 823 2195 τύχας
835 2110 949 2196 σέθεν,
1094 2121 1147 2175 850

252 2206 388 2295 Ἑκάβη,
405 2205 452 2277 δι’
470 2219 585 2278 οίκτον
598 2211 694 2299 χεῖρά
708 2206 747 2278 θ’
765 2215 895 2279 ίκεσίαν
910 2217 974 2297 ἔχω

257 2313 314 2380 καλ
327 2310 492 2398 βούλομαι
506 2318 600 2380 θεῶν
615 2308 653 2380 θ’
675 2313 777 2381 εἵνεκ’
805 2308 944 2382 άνόσιον
958 2313 1054 2394 ξένον

255 2415 386 2484 καὶτοῦ
401 2418 536 2483 δικαίου
552 2412 653 2500 τήνδε
666 2435 720 2483 σοι
734 2419 857 2484 δοῦναι
870 2419 980 2502 δίκην,

256 2526 291 2586 εί
300 2541 370 2595 πως
385 2523 508 2604 φανείη
523 2512 556 2605 γ’
574 2512 658 2584 ὥστε
672 2523 731 2585 σοί
741 2513 771 2585 τ’
788 2524 877 2604 ἔχειν
889 2523 1010 2602 καλῶς,

256 2623 385 2709 στρατῷ
399 2645 434 2687 τε
448 2616 493 2706 μὴ
507 2618 639 2706 δόξαιμι
654 2618 855 2708 Κασάνδρας
868 2619 967 2710 χάριν
1094 2632 1146 2686 855

257 2717 391 2811 Θρῄκης
406 2717 525 2790 άνακτι
538 2721 638 2790 τόνδε
652 2728 835 2809 βουλεῦσαι
850 2721 968 2810 φόνον.

256 2832 346 2894 ἔστιν
361 2821 425 2912 γδιρ
439 2814 461 2912 ᾗ
475 2821 642 2914 ταραγμὸς
656 2825 850 2911 ἐμπέπτωκέ
861 2845 933 2912 μοι·

159 2940 162 2945 ’
255 2924 316 2995 τὸν
330 2921 438 3014 άνδρα
453 2932 573 2994 τοῦτον
587 2933 704 3013 φίλιον
716 2922 846 3014 ἡγεῖται
859 2923 1008 3015 στρατός,

255 3025 315 3097 τὸν
328 3026 542 3095 κατθανόντα
556 3024 588 3095 δ’
604 3027 745 3117 ἐχθρόν·
763 3035 795 3097 εί
815 3026 848 3099 δ’
867 3030 940 3116 ἐμοὶ
955 3034 1055 3115 φίλος

256 3125 309 3198 ὅδ’
325 3132 411 3215 έστί,
425 3130 526 3217 χωρὶς
539 3135 639 3198 τοῦτο
652 3126 715 3198 κού
730 3127 848 3198 κοινὸν
861 3133 1001 3220 στρατῷ.
1094 3141 1147 3197 860

255 3359 285 3417 ἐκ
298 3365 350 3418 τού
360 3361 462 3418 σκότον
479 3385 508 3421 τε
525 3367 582 3418 τῶν
591 3383 621 3418 τε
630 3371 821 3436 ννττερησίων
1096 3365 1146 3418 831

254 3448 380 3515 φίλτρων
392 3447 505 3516 μεγίστη
517 3448 641 3515 γίγνεται
654 3451 768 3520 βροτοῖς
779 3443 870 3517 χάρις.
