2517 3934
382 230 432 280 DE
450 228 637 283 Evtttrtms
654 228 742 280 Vtro
985 224 1067 280 XVII

27 433 30 444 .
73 407 134 466 quo
163 385 258 463 magis
286 383 399 444 sensim
426 385 457 442 in
485 383 592 442 civium
626 381 741 442 animos
768 398 801 440 so
827 381 1002 450 insinuavit,
1030 399 1066 441 eo

74 473 207 533 acriores
229 474 355 528 nanctus
371 475 414 527 est
429 467 621 537 adversarios,
635 466 764 526 comicos
778 465 845 525 dico
860 473 971 545 poetas,
993 481 1064 542 quo·

73 575 143 616 rum
171 572 262 614 nemo
290 560 342 613 aut
368 551 505 613 acerbius
532 558 582 611 aut
609 551 791 628 ingeniosius
813 568 881 611 eum
911 551 1067 628 exagitavit

74 657 166 720 quam
189 637 409 716 Aristophanes.
454 637 504 715 qui
527 638 644 695 tametsi
666 633 869 715 philosophiae
892 634 1068 714 Euripideae

73 741 183 802 parurn
216 739 344 801 aequum
377 721 505 780 iudicem
533 739 564 780 se
598 719 736 799 praebuit
762 727 792 780 et
824 717 932 780 multos
965 719 1069 797 tragici

75 816 183 887 poetae
205 807 286 867 locos
315 807 413 866 iocose
436 807 530 882 magis
553 822 641 882 quam
668 803 791 864 ludibrii
813 822 902 865 causa
923 803 953 863 in
975 804 1068 865 risum

75 893 179 960 vertit,
211 893 286 950 miro
315 898 414 951 tamen
444 889 580 950 acumine
608 895 639 949 et
667 890 785 966 egregia
813 906 880 949 cum
907 886 1069 950 subtilitate

74 977 182 1058 poesin
211 975 372 1036 adversarii
399 991 544 1035 censurae
572 971 698 1033 subiecit
726 991 847 1034 severae
876 972 921 1033 illi
948 973 1069 1053 quictem

78 1080 135 1122 nec
158 1069 257 1120 tamen
279 1077 404 1138 prorsus
425 1059 562 1120 iniustae.
608 1058 789 1117 comicorum
811 1065 969 1137 poetarum
992 1057 1068 1118 iudi·

78 1145 146 1205 brio
170 1142 273 1203 deberi
295 1143 431 1203 videnlur
446 1143 519 1202 socii
541 1140 584 1202 illi
600 1148 638 1201 et'
652 1141 812 1211 adiutores,
835 1160 963 1220 quorum
978 1160 1069 1220 opera

78 1233 111 1291 in
134 1227 242 1288 labulis
270 1226 483 1307 componendis
511 1244 583 1286 usus
612 1243 677 1285 esse
705 1233 793 1305 poeta
822 1224 966 1305 proditur.
1010 1246 1070 1306 quo

78 1317 109 1375 in
134 1329 261 1372 numero
284 1319 401 1388 praeter
417 1313 571 1371 Socratem
586 1318 857 1370 commemorantur
872 1311 1071 1372 Mnesilochus

78 1406 109 1458 et
125 1397 310 1456 Timocrates
324 1397 459 1472 Argivus,
483 1395 621 1471 inprimis
644 1412 714 1454 vero
734 1393 944 1474 Cephisopbon
966 1403 1071 1474 poetae

78 1499 194 1548 servus,
219 1483 270 1558 qui
292 1487 324 1540 ut
345 1481 375 1539 in
398 1478 558 1556 tragoediis
580 1477 747 1539 scribendis
769 1480 808 1539 ita
829 1480 860 1540 in
883 1478 987 1540 liberis
1009 1498 1070 1540 ore·

78 1565 167 1627 andis
194 1582 281 1644 opem
313 1565 340 1623 ei
368 1559 604 1643 praestiterit²¹).
649 1581 716 1624 nam
744 1562 798 1623 luit
825 1582 860 1624 ea
888 1567 1070 1626 comicorum

79 1785 189 1845 uicisse,
212 1797 265 1832 eum
283 1798 337 1832 eum
353 1797 433 1845 saepe
451 1784 580 1831 vincerent
597 1781 694 1844 aliquot
710 1789 804 1845 poetae
821 1783 983 1846 ignauissimi.
1018 1798 1073 1834 non

80 1849 236 1915 tragoediis
254 1849 303 1900 sed
325 1848 483 1914 tetralogiis
501 1849 620 1912 quinque
645 1852 753 1912 poetam
771 1849 872 1899 vicisse
895 1851 1072 1930 perspicuum

81 1923 137 1969 est.
169 1917 281 1966 Suidas:
300 1907 577 1975 praescierimus,
596 1906 648 1972 ταὶς
665 1909 719 1979 μὲν
735 1911 873 1980 τέσσαρας
884 1932 1000 1982 nepem,
1019 1915 1073 1983 τὴν

83 1985 100 2036 δ
105 1980 118 2036 b
137 1982 208 2049 μίαν
224 1977 298 2066 μετὰ
316 1976 370 2063 την
382 1976 517 2048 τελευτὴν
535 1974 756 2048 ἐπιδειξαμένου
769 1975 801 2034 τὸ
815 1980 912 2049 δρᾶμα
923 1984 975 2034 τοῦ
988 1977 1074 2036 ἀδελ·

84 2049 178 2116 φιδοῦ
195 2050 285 2102 αυτοῦ
305 2048 476 2112 Ευριπίδοα.
511 2051 613 2100 vitiose
636 2050 964 2105 inviteeEur.vs.131
990 2051 1074 2111 νίκας

84 2115 118 2170 δὲ
143 2114 202 2184 ἔχει
220 2109 255 2170 ιε’
278 2117 409 2168 traditum
428 2121 482 2178 est,
508 2132 586 2180 quem
603 2116 743 2167 scribendi
766 2133 883 2168 errorem
907 2123 1074 2183 propagavit

83 2187 207 2236 Thomas
224 2187 262 2237 M.
283 2201 308 2249 p.
328 2187 385 2246 139,
405 2186 444 2234 20.
480 2188 602 2234 ceterum
626 2183 753 2248 singulae
777 2199 849 2250 quoe
872 2185 977 2236 luerint
993 2188 1074 2238 Euri·

84 2254 158 2320 pidis
177 2254 323 2313 victoriae,
341 2253 442 2302 nostris
454 2251 584 2301 subsidiis
597 2252 734 2316 explorari
745 2267 800 2302 non
817 2257 918 2319 potest,
938 2255 975 2310 ol.
988 2256 1074 2320 Berg-

85 2321 150 2372 kius
169 2321 201 2371 in
219 2319 351 2370 Meinekii
368 2317 442 2371 Com.
460 2319 514 2369 vol.
534 2321 549 2368 2
567 2335 592 2383 p.
611 2321 669 2374 904.

153 2388 197 2446 21)
222 2387 407 2438 Mnesilochus
430 2385 573 2452 Euripidis
599 2401 678 2437 socer
702 2389 761 2437 lum
788 2403 806 2437 s
827 2387 971 2440 Teleclide
995 2386 1074 2452 (vide

87 2460 145 2506 not.
172 2452 216 2518 15)
240 2458 344 2504 torrere
367 2453 545 2519 Euripidesm
568 2453 691 2506 fabulam
714 2454 814 2504 dieitur
837 2459 895 2506 tum
916 2457 946 2506 in
967 2457 1074 2507 Aristo·

87 2522 190 2588 phanis
202 2521 492 2588 Thesmophoriezusis
510 2525 643 2586 tanquam
661 2521 730 2571 lidus
748 2526 847 2587 poetae
860 2523 951 2573 socius
970 2523 1074 2574 festive

88 2590 202 2640 ridetur.
237 2590 420 2640 Timocratem
431 2588 562 2650 Argivum
580 2593 714 2638 memorat
730 2591 792 2640 vite
806 2590 966 2655 Euripides,
987 2591 1073 2641 ceteri

89 2660 180 2706 testes
195 2655 602 2736 Ψαμαιδαειίατὶιαι,
621 2655 780 2721 etgoptnor,
805 2656 942 2722 Bergkius
961 2657 1075 2708 eundem

89 2724 227 2772 nminem
246 2724 364 2782 coniecit
387 2728 416 2774 in
434 2724 544 2775 Scholia
564 2725 668 2774 Veneto
686 2722 751 2774 Eur.
770 2724 853 2773 Andr.
871 2725 922 2773 445
945 2723 1075 2790 indicari,

90 2790 139 2838 ubi
161 2789 231 2839 haec
256 2795 363 2844 extant:
389 2788 547 2852 εἰλικρινῶς
571 2784 603 2842 δὲ
625 2785 693 2848 τούς
714 2787 764 2840 τοῦ
788 2783 933 2856 δράματος
955 2782 1075 2858 χρόνους

16 2861 18 2896 1
90 2847 145 2906 οὐκ
162 2851 223 2907 ἔστι
241 2855 355 2923 λαβεῖν·
377 2851 412 2909 αὖ
430 2856 603 2910 δεδίδακται
624 2851 679 2924 peip
696 2851 862 2923 Ἀθήνησιν·
884 2848 900 2909 δ
919 2850 952 2908 db
969 2858 1075 2911 Καλλί-

88 2938 179 2988 μαχος
192 2916 389 2990 ἐπιγραφῆναι
402 2923 472 2991 φησὶ
492 2924 525 2990 τῇ
543 2923 689 2994 τραγῳδίᾳ
701 2916 900 2992 Δημοκράτην.
932 2941 997 2991 ergo
1011 2927 1075 2978 Oel-

87 2989 209 3041 iimeeho
229 2996 302 3042 teste
315 2992 505 3043 Andromacha
523 3007 576 3044 non
588 2992 706 3043 Athenis
718 2993 767 3042 sed
778 2993 860 3056 Argis
873 3008 992 3045 scaenae
1005 3009 1076 3046 oom-

87 3058 174 3106 misss
188 3061 230 3107 est
241 3063 374 3124 tanquam
387 3060 557 3112 Demoorulis
567 3067 614 3110 aut
626 3059 793 3110 Timocratis
806 3060 913 3115 fabule.
937 3063 1076 3113 interdum

89 3124 185 3173 alieno
198 3127 305 3177 nomine
324 3143 389 3178 usos
401 3143 466 3178 suas
486 3127 596 3178 fabulas
615 3130 714 3192 poetes
726 3127 845 3178 edidisse
858 3143 937 3179 nemo
955 3129 1073 3195 ignoret.

32 3238 35 3259 ,
86 3195 181 3242 utrum
199 3185 387 3260 Δημοκράτης
404 3212 441 3245 un
462 3186 643 3260 Τιμοκράτης
659 3195 779 3261 Argivus
802 3194 852 3245 ille
872 3195 963 3246 dictus
982 3197 1075 3257 luerit,

16 3265 39 3302 τ.
88 3257 179 3308 adhuc
196 3259 330 3310 incertum
349 3269 400 3315 est.
437 3262 469 3312 de
489 3261 714 3328 Cephisophonte
733 3262 769 3312 cf.
788 3261 981 3329 Aristophanis
999 3264 1075 3315 iocus

32 3343 35 3348 ·
87 3324 177 3385 (Com.
195 3327 211 3376 λ
230 3343 254 3391 p.
276 3327 355 3394 llil)
377 3329 407 3379 in
424 3329 485 3379 vila
501 3331 566 3380 Eur.
584 3344 625 3380 vs.
644 3331 678 3381 95
696 3329 808 3381 allatus.
847 3331 876 3379 in
900 3330 1075 3397 supellectile

87 3397 190 3456 poetae
209 3393 345 3445 bominem
357 3397 442 3446 istum
453 3401 585 3448 memorat
597 3396 643 3447 Ar.
655 3397 726 3448 Rau.
741 3398 821 3448 1408:
840 3389 868 3456 ἒς
881 3391 931 3448 τὸν
944 3394 1076 3462 σταθμὸν

16 3455 36 3500 ,'.
89 3451 186 3523 αὐτός,
206 3453 242 3511 τὰ
259 3453 367 3526 παιδί’,
386 3457 404 3530 ἡ
425 3455 508 3530 γυνή,
528 3462 708 3530 Κηφισοφῶν
726 3456 815 3529 ἐμβὰς
832 3456 987 3532 καθήσθω.
1012 3467 1076 3515 Dio·

88 3527 185 3603 upsius
202 3529 303 3580 ibidem
321 3531 476 3596 interrogat
494 3533 571 3608 14523
592 3517 623 3582 εὖ
642 3523 680 3598 γ’,
699 3517 721 3583 ὦ
738 3522 924 3597 Παλάμηδες,
943 3519 965 3582 d
982 3545 1075 3590 σοφω-

16 3653 18 3672 .
88 3609 161 3659 τατη
174 3586 276 3660 φύσις·
294 3595 377 3650 ταυτὶ
389 3590 490 3666 πότερ’
502 3590 588 3657 αὐτας
606 3585 692 3665 ηὗρες
704 3587 724 3665 ἢ
735 3597 927 3664 Κηφισοφῶνς
945 3596 991 3646 Ar.
1006 3599 1077 3648 teau

139 3681 232 3727 EVRIP.
246 3683 310 3727 VOL.
326 3687 342 3729 l·
907 3684 925 3740 b
