2517 3934
173 201 215 266 52

534 203 820 262 ΛΝΔΡΟΜΑΧΗ

173 385 239 446 ΕΡ.
288 375 414 463 κόσμον
427 374 490 463 μέν
503 369 591 463 ἀμφὶ
604 375 703 462 κρατί
715 376 858 463 χρυσέας
870 378 985 462 χλιδῆς

289 475 434 565 στολμόυ
447 503 483 546 τε
495 474 622 565 χρωτός
644 477 744 546 τόνδε
758 484 922 545 ποικίλων
942 479 1091 564 πέπλων,

290 577 414 649 οὔτῶν
424 578 597 667 Ἀχιλλέως
611 573 693 648 οὐδὲ
707 580 846 666 Πηλέως
860 576 925 646 άπο

289 681 404 770 δόμων
418 679 568 771 ἀπαρχάς
582 678 675 768 δεῦρ’
692 677 803 768 έχουσ’
819 677 1002 770 ἀφικόμην,
1137 698 1190 751 150

289 782 364 852 ἀλλ’
381 789 418 853 ἐκ
432 791 605 871 Λακαίνης
621 782 871 869 Σπαρτιάτιδος
884 780 1009 871 χθονὸς

289 889 466 966 Μενέλαος
479 882 560 974 ἡμῖν
574 893 679 954 ταῦτα
694 890 852 972 δωρεῖται
865 883 974 973 πατὴρ

290 996 425 1069 πολλοῖς
438 987 505 1057 σὺν
518 991 647 1073 ἕδνοις,
663 982 737 1056 ὥστ’
758 991 1067 1075 ἐλευθεροστομεῖν.

288 1087 375 1179 ὑμᾶς
388 1091 451 1178 μέν
465 1080 530 1159 οὖν
543 1085 650 1159 τοῖσδ’
667 1087 909 1178 άυταμείβομαι
926 1088 1054 1176 λόγοις·

166 1195 170 1201 ’
288 1192 332 1262 σά
346 1190 379 1262 δ’
396 1185 482 1263 οὖσα
496 1192 602 1280 δούλη
616 1193 674 1260 καλ
688 1197 883 1283 δορίκτητος
895 1189 983 1279 γυνὴ
1137 1210 1190 1261 155

288 1296 414 1384 δόμους
428 1310 607 1382 κατασχεῖν
620 1291 800 1381 έκβαλοῦσ’
819 1290 905 1382 ἡμᾶς
918 1295 1032 1373 θέλεις

266 1392 428 1484 λέτούσδε,
442 1403 632 1494 στυγυῦμαι
647 1392 681 1464 δ’
699 1393 800 1485 άνδρὶ
815 1394 1022 1484 φαρμάκοισι
1037 1410 1119 1484 σοῖς,

287 1497 394 1586 νηδὺς
408 1495 441 1568 δ’
460 1495 601 1585 άκόμων
615 1496 673 1567 διὰ
686 1501 727 1568 σέ
740 1526 796 1586 μοι
810 1498 1001 1567 διόλλυται·

287 1598 383 1688 δεινὴ
398 1598 463 1689 γάρ
473 1597 671 1688 Ἠπειρωτις
686 1607 733 1680 είς
746 1598 787 1668 τά
802 1600 916 1669 τοιάδε

287 1700 378 1789 ψυχὴ
393 1709 584 1791 γυναικῶν·
608 1693 659 1771 ὦν
672 1702 838 1789 ἐπισχήσω
852 1699 887 1771 σ’
905 1700 982 1789 έγά,
1067 1713 1087 1724 “
1133 1717 1187 1772 160

288 1801 414 1873 κούδέν
427 1801 459 1873 α’
474 1800 591 1892 ὀνήσει
607 1810 703 1892 δῶμα
716 1809 877 1893 Νηρῇδος
890 1804 978 1891 τόδε,

289 1902 331 1976 οὐ
345 1904 457 1995 βωμός
470 1904 552 1976 οὐδὲ
568 1906 659 1992 ναός,
676 1903 760 1975 άλλά
775 1916 948 1980 κατθανεῖ.

287 2003 331 2096 ἢν
345 2007 377 2077 δ’
394 1999 458 2078 οὖν
472 2015 605 2098 βροτῶν
618 2015 668 2088 τίς
682 2005 714 2078 σ’
731 2004 752 2095 ἦ
767 2015 862 2077 θεῶν
876 2015 982 2078 σῶσαι
995 2010 1094 2098 θέλη,

290 2115 345 2179 δεῖ
355 2108 387 2180 α’
404 2107 480 2180 άντλ
496 2119 565 2180 τῶν
579 2112 661 2198 πρὶν
675 2108 802 2198 ὀλβίων
816 2109 1043 2198 φρονημάτων

288 2216 407 2299 πτῆξαι
419 2210 582 2300 ταπεινὴν
601 2228 804 2300 προσπεσεῖν
818 2209 842 2280 τ’
859 2211 940 2300 ἐμὸν
954 2212 1051 2300 γόνυ,
1133 2228 1188 2283 165

287 2322 420 2402 σαίρειν
434 2342 471 2383 τε
484 2321 580 2401 δῶμα
595 2311 723 2400 τούμὸν
736 2318 773 2383 ἐκ
787 2314 1007 2403 χρυσηλάτων

290 2417 438 2503 τευχέων
451 2418 524 2505 χερί
537 2423 746 2502 σπείρουσαν
756 2413 921 2507 Ἀχελῴου
939 2415 1074 2507 δρόσον,

289 2524 422 2608 γνῶναί
434 2515 467 2588 θ’
485 2516 526 2589 ἵν’
543 2517 575 2587 εί
587 2525 658 2606 γῆς.
686 2515 726 2587 οὐ
743 2517 807 2606 γάρ
821 2515 891 2588 ἐσθ’
900 2515 1028 2605 Ἕκτωρ
1042 2517 1132 2604 τάδε,

288 2618 331 2690 οὐ
344 2629 497 2711 Πρίαμος
511 2617 593 2690 οὐδὲ
605 2620 747 2708 χρυσός,
763 2617 838 2689 ἄλλ’
851 2618 1080 2701 Ἑλλὰςπόλις.

290 2730 337 2804 είς
350 2733 450 2793 τοῦτο
464 2720 497 2792 δ’
514 2719 608 2811 ἥκεις
621 2719 789 2811 ἀμαθίας,
804 2722 951 2812 δύστηνε
965 2721 1019 2809 σύ,
1132 2737 1187 2792 170

288 2822 311 2913 ἢ
326 2829 422 2895 παιδὶ
440 2825 580 2915 πατρός,
595 2821 632 2904 ὃς
650 2823 713 2894 σὸν
727 2822 853 2894 ω”λεσευ
867 2826 978 2912 πόσιν,

288 2935 410 3018 τολμᾷς
424 2926 602 3009 ξυνεύδειυ
615 2928 673 2995 καὶ
687 2923 771 2996 τέκν’
788 2924 960 2997 αὐθέντου
975 2926 1064 3014 πάρα

290 3036 425 3099 τίκτειν.
445 3035 599 3098 τοιοῦτον
613 3037 682 3097 πᾶν
695 3028 732 3098 τό
747 3028 921 3118 βάρβαρον
935 3031 1047 3117 γένος·

288 3131 396 3223 πατήρ
410 3158 447 3200 τε
460 3133 609 3218 θυγατρὶ
623 3146 700 3211 παῖς
714 3159 750 3201 τε
763 3133 864 3220 μητρὶ
877 3139 1036 3220 μίγνυται

288 3234 373 3324 κόρη
388 3230 412 3303 τ’
429 3230 582 3326 άδελφῷ,
602 3233 659 3303 διὰ
674 3234 785 3322 φόνου
800 3230 833 3304 δ’
850 3239 886 3302 οῖ
902 3241 1056 3323 φίλτατοι
1134 3247 1187 3303 175

292 3344 456 3426 χωροῦσι,
470 3339 526 3404 καὶ
541 3333 644 3405 τῶνδ’
661 3332 764 3406 οὐδὲν
779 3339 919 3425 ἐξείργει
932 3335 1045 3423 νόμος.

291 3434 371 3525 άμὴ
386 3434 461 3526 παρ’
477 3434 562 3524 ἡμᾶς
576 3434 720 3526 εῖσφερ’·
738 3434 819 3507 οὐδὲ
833 3438 897 3527 γάρ
912 3436 1017 3507 καλὸν

293 3544 392 3609 δυοῖν
406 3555 583 3628 γυναικοῖν
597 3535 691 3627 ἄνδρ’
708 3536 752 3608 ἕν’
768 3536 865 3628 ἡνίας
880 3547 978 3628 ἔχειν,
