2517 3934
196 170 259 235 ³02
438 170 646 228 ΗΡΑΚΑΗΣ
664 167 974 227 ΜΑΙΝΟΜΕΝΟΣ

312 341 416 431 πάρες
430 336 487 410 ἀπ’
506 336 663 428 ὀμμάτων

312 446 457 529 πέπλον,
473 438 630 528 ἀπόδικε,
653 443 754 530 βέθος
767 438 1009 532 ἀελίφδελξον·
1149 456 1205 509 1225

314 546 417 634 βάρος
431 543 616 615 ἀντίπαλον
631 539 831 633 δακρύοισιν
843 538 1031 631 ἁμιλλᾶται.

315 648 507 737 ἱκετεύομεν
520 644 607 736 ἀμφὶ
620 643 686 716 σάν

314 750 472 840 γενειάδα
486 753 543 819 καὶ
556 750 642 838 γόνυ
656 749 713 817 καὶ
728 749 809 836 χέρα
823 750 1041 836 προσπίτνων

314 853 433 924 πολιόν
445 880 481 922 τε
495 853 646 943 δάκρυον
659 849 821 940 έκβαλῶν.

315 954 355 1025 ίῶ
371 970 447 1042 παῖ,
463 955 566 1024 κατά-

314 1069 416 1147 σχεθε
429 1060 562 1138 λέοντος
577 1054 700 1147 ἀγρίου
714 1055 839 1146 θυμόν,
855 1051 900 1135 ῶς

317 1165 446 1248 δρόμον
464 1163 516 1230 ἐπὶ
531 1162 657 1248 φόνιον
674 1157 814 1228 ἀνόσιον
829 1158 953 1244 ἐξάγει,

313 1260 402 1332 κακά
414 1266 528 1332 θέλων
540 1277 657 1343 κακοῖς
670 1263 835 1348 συνάψαι,
850 1263 979 1329 τέκνον.

267 1418 274 1433 .
317 1364 400 1435 είεν·
416 1365 453 1434 σέ
467 1362 528 1435 τὸν
541 1363 715 1434 θάσσοντα
729 1362 917 1451 δυστήνους
930 1364 1032 1451 ἕδρας

316 1464 428 1553 αῦδῶ,
445 1474 597 1555 φίλοισιν
610 1464 700 1556 ὄμμα
714 1465 890 1537 δεικνύναι
904 1462 941 1534 τὸ
955 1464 1027 1534 σόν.
1059 1508 1062 1512 ,
1152 1483 1208 1535 1215

314 1566 427 1649 οὐδεὶς
440 1568 558 1651 σκότος
571 1567 637 1658 γάρ
652 1561 714 1640 ῶδ’
731 1577 798 1658 ἔχει
810 1570 916 1656 μέλαν
928 1569 1042 1656 νέφος,

315 1667 405 1751 ὅστις
418 1678 532 1740 κακῶν
547 1679 617 1741 σῶν
630 1670 813 1762 συμφοράν
825 1669 988 1761 κρύψειεν
1000 1667 1054 1739 ἀν.

317 1780 353 1843 τί
362 1802 419 1861 μοι
434 1781 603 1864 προσείων
616 1789 713 1865 χεῖρα
726 1781 899 1863 σημαίνεις
914 1772 1039 1861 φόνους

317 1872 361 1956 ῶς
374 1875 419 1965 μὴ
432 1876 538 1965 μύσος
550 1904 592 1965 με
605 1885 677 1946 σῶν
691 1878 777 1967 βάλη
791 1874 1107 1966 προσφθεγμάτωνς

322 1976 426 2049 οὐδέν
439 1981 531 2068 μέλει
545 2007 602 2062 μοι
616 1980 683 2049 σύν
696 2008 736 2068 γε
749 1981 803 2049 σολ
816 1979 980 2067 πράσσειν
993 1985 1127 2060 κακῶς·
1152 1996 1211 2051 mo

317 2084 374 2151 καὶ
388 2081 452 2170 γάρ
468 2077 542 2151 ποτ’
556 2078 730 2171 ηῦτύχησ’·
751 2078 853 2151 έκεῐσ’
869 2078 1060 2170 ἀνοιστέον,

319 2180 369 2251 ὅτ’
387 2183 548 2266 έξέσωσάς
560 2180 598 2272 μ’
617 2191 664 2265 είς
681 2184 767 2274 φάος
780 2190 915 2273 νεκρῶν
928 2184 1028 2274 πάρα.

318 2286 416 2374 χάριν
431 2285 469 2356 δέ
482 2286 721 2374 γηράσκουσαν
734 2291 881 2375 ἐχθαίρω
897 2293 1007 2374 φίλων

317 2391 374 2468 καὶ
389 2396 457 2458 τῶν
472 2396 586 2457 καλῶν
599 2389 663 2477 μὲν
675 2386 766 2470 ὅστις
779 2386 965 2459 ἀπολαύειν
977 2390 1086 2476 θέλει,

317 2499 484 2579 συμπλεῖν
500 2491 537 2561 δέ
551 2506 619 2572 τοῖς
638 2499 767 2581 φίλοισι
783 2497 1010 2580 δυστυχοῦσιν
1022 2488 1074 2561 οῦ.
1151 2510 1215 2564 mx

317 2588 481 2681 ἀνίστατ’,
497 2593 690 2675 ἐκκάλυψον
704 2591 827 2664 ἀθλιου
840 2594 937 2683 κάρα,

318 2699 446 2783 βλέψον
461 2694 544 2784 πρὸς
557 2693 652 2785 ἡμᾶς.
681 2693 771 2778 ὅστις
785 2694 925 2785 εύγενης
939 2703 1082 2785 βροτῶν,

316 2801 414 2887 φέρει
427 2796 467 2868 τά
481 2806 574 2869 θεῶν
588 2828 626 2888 γε
640 2796 789 2888 πτώματ’
806 2796 871 2868 οῦδ
874 2796 883 2823 ’
900 2797 1082 2868 ἀναίνεται.

203 2908 272 2969 ΗΡ.
313 2908 444 2989 Θησεῦ,
460 2904 623 2991 δέδορκας
636 2898 729 2973 τόνδ’
747 2898 852 2991 ἀγῶν’
869 2906 959 2989 έμῶν
974 2903 1125 2983 τέκνωνς

201 3010 276 3072 ΘΗ.
317 2999 465 3090 ἥκουσα,
479 3006 536 3072 καὶ
550 3008 709 3093 βλέποντι
722 3011 896 3094 σημαίνεις
909 3003 1004 3073 κακά.
1149 3023 1214 3077 12³⁰

203 3114 272 3176 ΗΡ.
311 3112 348 3175 τί
357 3106 442 3193 δῆτά
455 3133 522 3193 μου
536 3104 632 3196 κρᾶτ’
649 3104 863 3189 ἀνεκάλυψας
876 3103 976 3197 ἡλίφς
1150 3114 1156 3121 ’

202 3217 275 3277 ΘΗ.
319 3214 355 3278 τί
365 3214 386 3278 δ
390 3206 411 3292 ’3
427 3204 470 3279 οῦ
483 3217 627 3296 μιαίνεις
641 3207 768 3299 θνητὸς
783 3204 832 3279 ῶν
846 3206 886 3278 τά
900 3216 968 3277 τῶν
980 3212 1085 3281 θεῶν.

201 3318 272 3379 HP.
315 3308 430 3400 φεῦγ’,
445 3302 473 3379 ῶ
487 3310 684 3399 ταλαίπωρ’,
700 3309 839 3381 ἀνόσιον
851 3306 970 3399 μίασμ’
987 3309 1078 3397 έμόν.

203 3419 277 3477 ΘΗ.
321 3408 435 3491 οῦδεδς
450 3409 603 3497 ἀλάστωρ
618 3427 689 3491 τοῖς
702 3420 814 3498 φίλοις
827 3416 864 3481 ἐκ
880 3419 1084 3499 τῶνφίλων.

203 3517 274 3575 ΗΡ.
315 3508 462 3594 έπῄνεῶ·
480 3503 519 3577 εῦ
533 3509 658 3597 δράσας
673 3516 713 3581 δέ
724 3509 759 3579 σ’
770 3508 838 3581 ὀὐκ
852 3509 1042 3602 ἀναίνομαι.
1155 3533 1217 3586 ms
