2517 3934
509 248 667 309 ΕΛΕΝΗ
805 240 807 247 ’
1025 247 1083 313 197

191 415 343 505 πύργους
357 423 497 507 ἔπερσα,
512 422 582 498 κείς
596 416 728 505 πάτραν
740 417 871 507 χρήζων
884 423 1000 507 μολεῖν

148 551 157 598 x
189 515 253 588 ούκ
266 515 422 606 ἀξιοῦμαι
436 525 537 588 τοῦδε
551 517 635 608 πρὸς
651 526 745 588 θεῶν
758 535 882 608 τυχεῖν.

155 603 162 652 ¹
188 619 319 708 Λιβύης
332 617 363 689 τ’
380 619 524 710 ἐρήμους
538 619 677 703 ἀξένους
691 618 720 691 τ’
736 621 919 712 ἐπιδρομάς

189 725 361 792 πέπλευκα
379 722 502 804 πάσας·
520 719 632 812 χῶταν
645 722 746 811 ἐγγύς
760 714 788 792 ῶ
802 725 938 813 πάτρας,
1032 745 1085 796 405

190 825 292 894 πάλιν
309 821 344 912 μ’
360 821 498 894 ἀπωθεῖ
507 833 657 913 πνεῦμα,
673 822 814 895 κοῦποτ’
830 824 950 917 οὔριον

192 933 329 1015 εἰσῆλθε
343 934 463 1014 λαῖφος
478 923 563 997 ῶστε
576 925 613 1016 μ’
631 935 678 1008 είς
693 928 824 1017 πάτραν
837 939 963 1017 μολεῖν.

189 1031 245 1097 καλ
259 1036 326 1098 νῦν
340 1029 441 1110 τάλας
455 1028 604 1117 ναυαγὸς
617 1026 782 1111 ἀπολέσας
796 1039 918 1118 φίλους

190 1133 345 1213 ἐξέπεσον
361 1138 408 1212 εἰς
421 1139 485 1220 γῆν
499 1131 615 1220 τήνδε·
631 1139 716 1213 ναῦς
730 1133 768 1202 δέ
783 1131 867 1222 πρὸς
881 1137 1002 1225 πέτρας

189 1231 335 1313 πολλούς
348 1230 517 1322 ἀριθμούς
532 1231 675 1322 ἀγυυται
688 1241 873 1322 ναυαγίων.
1033 1255 1083 1309 41υ

189 1336 306 1424 τρόπις
320 1332 352 1404 δ’
374 1339 518 1424 ἐλείφθη
533 1344 695 1406 ποικίλων
709 1333 942 1427 ἁρμοσμάτων,

191 1434 246 1524 ἐφ’
262 1429 303 1526 ής
317 1437 453 1527 ἐσῶθηυ
465 1437 561 1528 μόλις
575 1436 764 1532 ἀνελπίστῳ
777 1440 861 1530 τύχη

184 1535 297 1628 Ἑλένη
312 1567 364 1628 τε,
384 1549 504 1628 Τροίας
517 1537 560 1629 ἣν
577 1539 772 1622 ἀποσπάσας
786 1549 860 1630 ἔχω.

189 1637 296 1731 ὄνομα
313 1642 351 1711 δὲ
364 1643 474 1732 χῶρας
487 1640 559 1731 ἥτις
573 1640 635 1731 ήδε
650 1646 708 1713 καλ
720 1643 805 1725 λεῶς

189 1740 252 1814 ούκ
267 1741 351 1815 οἶδ’·
368 1742 469 1832 ὄχλον
482 1745 546 1836 γάρ
562 1754 729 1816 εἰσπεσεῖν
744 1743 939 1837 ᾐσχυνόμην
1031 1766 1081 1820 415

189 1842 275 1915 ὥσθ’
296 1852 484 1936 ίστορήσαι,
500 1856 558 1937 τῆς
572 1853 651 1936 ἐμῆς
665 1854 883 1937 δυσχλαινίας

188 1947 348 2037 κρύπτων
361 1946 557 2052 ὑπ”-,αἰδοῦς
572 1949 630 2031 τάς
644 1950 754 2039 τύχας.
774 1947 903 2022 ὅτανδ’
921 1948 1007 2042 ἀνὴρ

188 2051 295 2142 πράξη
310 2059 420 2134 κακῶς
435 2049 575 2142 ὑψηλός,
591 2059 638 2134 είς
652 2050 780 2142 ἀηθίαν

187 2162 300 2223 πίπτει
315 2161 421 2224 κακίω
435 2163 496 2225 τού
509 2156 611 2225 πάλαι
625 2162 862 2245 δυσδαίμονος.

186 2264 282 2346 χρεία
296 2258 334 2326 δὲ
346 2266 450 2345 τείρει
463 2256 518 2346 μ’·
538 2255 616 2328 οάτε
630 2257 695 2348 γάρ
709 2275 798 2339 σῖτος
813 2259 903 2349 πάρα
1030 2279 1081 2331 420

188 2355 260 2427 οὔτ’
278 2355 365 2448 ἀμφὶ
377 2357 480 2450 χρῶτ’
497 2365 651 2449 ἐσθῆτες·
666 2359 753 2431 αύτά
768 2358 801 2430 δ’
819 2363 948 2432 εἰκάσαι

187 2461 328 2551 πάρεστι
344 2461 426 2543 ναὸς
440 2460 550 2551 ἕκβολ’
567 2459 617 2544 οἷς
630 2461 846 2552 ἀμπίσχομαι.

187 2565 336 2645 πέπλους
350 2566 387 2635 δὲ
400 2563 479 2647 τούς
493 2567 574 2654 πρὶν
588 2567 723 2656 λαμπρά
738 2562 765 2635 τ’
782 2562 1021 2657 ἀμφιβλήματα

185 2666 301 2753 χλιδάς
314 2666 484 2749 τεκόντος
497 2664 641 2756 ήρπαῶ·
661 2673 699 2738 ἐν
711 2666 745 2738 δ’
762 2665 888 2758 ἀντρου
901 2688 1018 2759 μυχοῖς

185 2768 319 2858 κρύψας
333 2785 477 2856 γυναῖκα
490 2769 554 2858 τήν
569 2778 686 2840 κακῶν
699 2770 837 2840 πάντων
847 2762 923 2861 Ιἐμοὶ
1031 2791 1082 2844 425

186 2867 336 2961 ἀρξασαν
349 2868 420 2959 ήκω
447 2875 527 2954 τούς
542 2899 578 2940 τε
598 2875 916 2962 περιλελειμμένους

77 3060 80 3066 ¹
185 2981 298 3060 φίλων
312 2973 499 3062 φυλάσσειν
512 2970 589 3062 τάμ’
608 2973 800 3064 ἀναγκάσας
814 2979 903 3067 λέχη.

185 3075 287 3163 μόνος
302 3076 341 3144 δὲ
353 3083 478 3165 νοστῶ,
494 3091 563 3158 τοῖς
578 3081 650 3147 ἐκεί
661 3087 768 3167 ζητῶν
783 3088 895 3168 φίλοις

184 3176 225 3247 τὰ
239 3175 408 3268 πρόσφορ’
424 3175 468 3266 ήν
482 3205 553 3260 πως
566 3182 786 3271 ἐξερευνήσας
800 3182 903 3271 λάβω.

187 3277 271 3349 ίδῶν
286 3281 325 3349 δὲ
338 3286 434 3368 δῶμα
446 3284 627 3370 περιφερὲς
642 3295 798 3373 θριγκοῖς
812 3284 890 3352 τόδε
1028 3301 1080 3355 43⁰
1127 3283 1135 3304 ⁸

184 3387 293 3462 πύλας
307 3411 343 3452 τε
356 3382 479 3470 σεμνάς
493 3381 617 3474 ἀνδρὸς
632 3383 751 3474 ὀλβίου
765 3386 866 3473 τινός,

186 3491 399 3573 προσῆλθον·
415 3488 507 3566 ἐλπλς
521 3483 554 3555 δ’
571 3494 608 3556 ἐκ
623 3515 662 3575 γε
675 3493 848 3558 πλουσίων
861 3487 976 3575 δόμων

185 3593 303 3676 λαβεῖν
317 3614 349 3655 τι
362 3584 514 3668 ναύταις·
531 3591 567 3656 ἐκ
582 3594 602 3656 δ
605 3588 620 3657 δ
633 3587 678 3676 μή
693 3587 835 3676 ’χόυτωυ
847 3596 936 3675 βίον,
