2517 3934
451 191 708 250 ΙΠΠΟΛΥΤΟΣ
1017 190 1082 254 429

73 370 144 431 ΧΟ.
188 368 257 451 φεῦ
272 367 355 449 φεύ
370 358 407 429 τὸ
423 368 563 448 σῶφρον
577 356 621 441 ὥς
635 358 830 448 ἁπανταχοῦ
844 364 948 431 καλὸν

186 465 243 532 καλ
257 464 360 545 δόξαν
373 460 500 549 ἐσθλὴν
513 465 551 531 ἐν
564 470 697 551 βροτοῖς
712 470 913 550 καρπίζεται.

77 572 138 633 ΤΡ.
189 561 355 649 δέσποιν’,
371 567 447 652 ἐμοί
459 592 509 632 τοι
520 563 679 652 συμφορὰ
693 565 755 652 μὲν
770 562 893 652 ιἰρτίοις

187 663 208 753 ἡ
223 664 265 754 ση
279 668 423 752 παρέσχε
438 665 553 734 δεινὸν
567 670 725 753 ἐξαίφνης
740 667 865 754 φόβον·

187 776 254 836 νῦν
271 764 303 837 δ’
322 772 504 855 έννοοῦμαι
518 775 648 854 φαῦλος
661 759 761 836 ούσα·
777 764 842 836 κύν
862 776 993 857 βροτοῖς
1027 787 1078 842 435

188 875 227 938 αλ
238 869 397 957 δεύτεραί
410 897 480 948 πως
495 876 673 957 φροντίδες
689 869 890 955 σοφώτεραι.

188 967 231 1039 ού
248 970 312 1058 γὰρ
327 969 488 1060 περισσὸν
501 969 606 1039 ούδλν
619 968 697 1040 οὐδ’
717 974 779 1052 ἔξω
793 971 896 1059 λόγον

90 1086 93 1090 ’
188 1075 376 1152 πέπονθας·
391 1069 490 1160 ὀρμαλ
504 1068 537 1141 δ’
554 1079 601 1152 είς
614 1069 647 1141 σ’
664 1075 856 1159 ἐπέσκηψαν
869 1080 963 1153 θεᾶς.

187 1177 280 1263 έρᾷς·
295 1182 331 1243 τί
341 1180 439 1242 τούτο
453 1181 587 1261 θαύμα;
602 1173 668 1243 σύν
682 1183 817 1254 πολλοῖς
833 1181 973 1262 βροτῶν.

186 1272 317 1345 κᾶπειτ’
334 1283 455 1363 ἔρωτος
472 1282 583 1345 εἵνεκα
604 1274 717 1362 ψυχὴν
731 1272 836 1357 ὀλεῖςς
1024 1292 1077 1347 440

188 1374 230 1446 ού
243 1374 328 1466 τᾷρα
341 1377 415 1446 λύει
428 1392 498 1457 τοῖς
511 1380 612 1463 έροὸσι
624 1385 693 1445 τῶν
706 1380 807 1456 πέλας

186 1475 261 1548 ὅσοι
277 1505 312 1547 τε
328 1476 500 1565 μέλλουσ’,
516 1486 547 1547 εί
558 1490 681 1547 θανεῖν
694 1474 819 1558 αύτούς
832 1479 956 1566 χρεών

187 1582 319 1666 Κύπρις
332 1577 397 1667 γὰρ
412 1577 453 1648 ού
468 1580 630 1669 φορητός,
646 1576 690 1667 ἢν
703 1579 808 1668 πολλὴ
824 1584 905 1669 ῥυῇ·

186 1678 209 1769 ἢ
221 1680 281 1750 τὸν
295 1681 357 1769 μὲν
372 1680 502 1750 είκονθ’
518 1680 625 1771 ἡσυχῇ
639 1685 841 1769 μετέρχεται,

186 1779 228 1851 δν
241 1780 274 1850 δ’
291 1779 335 1851 ᾷν
348 1783 509 1870 περισσὸν
521 1787 578 1852 καὶ
592 1781 783 1870 φρονούυθ’
802 1779 886 1872 εύρη
901 1786 994 1872 μέγα,
1024 1800 1075 1855 445

186 1892 306 1953 τοῦτον
318 1893 485 1972 λαβοῦσα,
501 1894 571 1965 πῶς
585 1892 711 1967 δοκεῖς;
726 1885 945 1973 καθύβρισεν.

188 1994 288 2076 φοιτᾷ
306 1983 337 2055 δ’
358 1983 413 2054 ἄν’
430 1984 556 2075 αἰθέρ’,
572 1983 688 2055 ἔστιδ’
706 1990 743 2054 ἐν
759 1994 933 2077 θαλασσίῳ

185 2089 335 2157 κλύδωνι
348 2088 495 2174 Κύπρις,
516 2088 624 2157 πάντα
638 2094 658 2155 δ
662 2084 675 2145 ’.
686 2090 722 2156 ἐκ
736 2088 857 2174 ταύτης
872 2095 954 2175 ἔφυ·

187 2186 243 2276 ἥδ’
260 2185 385 2276 ἑστλνὴ
403 2197 587 2277 σπείρουσα
603 2191 659 2257 καὶ
675 2185 808 2257 διδούσ’
826 2196 914 2276 ἔρον,

187 2283 229 2360 ού
243 2290 364 2369 πάντες
381 2291 480 2378 ἐσμὲν
493 2296 528 2359 ολ
541 2290 624 2360 κατὰ
638 2287 737 2378 χθόν’
754 2298 896 2378 ἔκγονοι.
1022 2308 1075 2363 450

185 2387 259 2460 ὅσοι
272 2392 334 2479 μέν
346 2383 409 2460 ούν
422 2393 553 2480 γραφάς
567 2419 603 2461 τε
616 2400 685 2461 τῶν
698 2394 907 2480 παλαιτέρων

187 2500 321 2580 ἔχουσιν
334 2490 436 2561 αύτοί
445 2491 473 2561 τ’
492 2496 577 2563 είσλν
591 2498 629 2563 ἐν
643 2494 783 2582 μούσαις
797 2491 860 2579 ιἰεί,

187 2604 275 2663 ίσασι
289 2596 351 2683 μὲν
364 2594 449 2674 Ζεύς
466 2592 511 2674 ὥς
525 2592 599 2663 ποτ’
615 2592 749 2683 ἠράσθη
763 2592 880 2683 γύμιον

185 2699 350 2784 Σεμέλης,
365 2707 455 2765 ἴσασι
470 2695 503 2765 δ’
525 2694 569 2776 ύς
585 2694 778 2783 ἀνήρπασέν
792 2722 872 2765 ποτε

184 2795 444 2885 ἡκαλλιφεγγὴς
461 2801 619 2885 Κέφαλον
635 2805 683 2878 είς
694 2797 799 2878 θεούς
807 2794 891 2877 Ἕως
1022 2814 1073 2869 455

186 2906 308 2987 ἔρωτος
329 2896 450 2967 εἵνεκ’·
473 2897 547 2967 ἀλλ’
565 2896 655 2987 ὅμως
669 2903 706 2969 έν
719 2897 854 2991 ούρανᾷ

186 3007 320 3069 ναίουσι
335 2999 398 3069 κού
413 3002 600 3089 φεύγουσιν
613 3000 768 3071 έκποδιύν
781 3000 895 3088 θεούς,

184 3105 362 3190 στέργουσι
377 3099 422 3187 δ’,
437 3102 544 3190 οἶμαι,
558 3111 717 3194 συμφορᾷ
731 3102 919 3190 νικύμενοι.

185 3202 229 3271 σύ
243 3201 276 3272 δ’
292 3200 356 3272 ούκ
371 3200 497 3287 ιἰνέξει;
511 3213 596 3291 χρῆν
608 3190 715 3274 ἶέπὶ
729 3209 839 3294 ῥητοῖς
851 3201 916 3292 ᾷρα

184 3309 310 3392 πατέρα
325 3306 487 3393 φυτεύειν
500 3303 521 3394 ἢ
535 3304 585 3374 ’πλ
600 3306 774 3387 δεσπόταις
787 3316 881 3385 θεοῖς
1020 3320 1074 3375 450

184 3404 354 3493 ἄλλοισιν,
370 3414 401 3476 εί
412 3405 456 3495 μὴ
471 3408 592 3476 τούσδε
605 3436 645 3497 γε
658 3411 801 3495 στέρξεις
814 3407 947 3495 νόμους.

184 3509 310 3590 πόσους
326 3515 436 3589 δοκεῖς
449 3509 490 3598 δὴ
505 3506 599 3597 κάρτ’
615 3517 750 3597 ἔχοντας
763 3499 803 3578 εύ
820 3516 960 3593 φρενῶν
