2517 3934
225 171 282 236 102
652 172 809 232 ΕΛΕΝΗ

335 337 476 430 μόλοιμ’,
491 337 686 428 ἀναρπάσας
701 335 738 414 δι’
756 348 893 437 αἰθέρος

336 441 437 514 τάνδε
451 459 553 531 γαῖαν
568 448 615 523 εἰς
628 439 778 535 ἀνολβον

338 553 411 637 ἔριν
425 553 498 636 ἔριν
511 544 672 615 τάλαιναν
686 551 785 619 ἔθετο

336 651 578 736 Πριαμίδαισιν
588 642 755 732 Ἑλλάδος.

338 748 375 819 τὸ
390 746 423 818 δ’
439 744 521 838 έμὸν
535 745 641 837 ὄνομα
654 751 746 840 παρὰ
758 758 977 840 Σιμουντίοις
993 753 1094 835 ὁοαῑσι
1152 763 1186 814 25⁰

335 857 497 939 μαψίδιον
511 858 577 938 ἕχει
592 850 705 938 φάτιν.

222 967 293 1029 XO.
336 961 420 1040 ἔχεις
433 953 495 1040 μὲν
510 949 646 1039 ἀλγείν’,
662 954 754 1025 οἶδα·
774 955 952 1044 σύμφορον
970 956 1010 1024 δέ
1021 975 1071 1023 σοι

336 1051 381 1136 ὦς
394 1058 498 1147 ῥᾷστα
511 1051 696 1141 τάναγκαῖα
710 1064 772 1126 τοῦ
786 1062 866 1145 βίον
880 1058 1010 1145 φέρειν.

223 1171 290 1232 ΕΛ.
336 1163 432 1244 φίλαι
446 1171 621 1244 γυναῖκες,
636 1165 704 1227 τίνι
719 1159 834 1250 πάτμφ
847 1159 1053 1247 σννεζύγηνς
1156 1167 1191 1220 25⁵

336 1251 385 1348 ἀρ’
400 1255 421 1346 ἡ
436 1257 580 1328 τεκοῦσά
596 1254 626 1345 μ’
645 1265 758 1330 ἔτεκεν
771 1258 966 1350 ἀνθρώποις
980 1263 1089 1348 τέρας;
1131 1352 1133 1356 V

338 1358 435 1449 [γυνὴ
451 1358 515 1449 γάρ
531 1357 605 1428 οὔθ’
622 1357 771 1451 Ἑλληνὶς
784 1359 863 1432 οὔτε
878 1360 1047 1451 βάρβαρος

335 1470 452 1549 τεῦχος
465 1469 616 1531 νεοσσῶν
631 1462 756 1535 λευκὸν
772 1461 995 1552 ἐκλοχεύεται,

336 1569 373 1635 έν
387 1556 415 1658 ᾦ
428 1593 469 1653 με
482 1565 600 1653 Λήδαν
613 1569 720 1654 φασλν
736 1572 772 1638 έκ
790 1567 876 1648 Διὸς
891 1574 1025 1652 τεκεῖν]

336 1671 434 1756 τέρας
447 1665 511 1757 γάρ
526 1664 543 1735 ὁ
558 1674 633 1755 βίος
650 1671 707 1739 καλ
720 1668 760 1739 τδι
774 1667 940 1759 πράγματ’
956 1674 1030 1739 ε’στί
1040 1696 1103 1757 μοι,
1159 1677 1195 1732 26⁰

336 1768 376 1839 τά
389 1770 451 1858 μὲν
466 1767 506 1838 δι’
515 1765 635 1858 Ἥραν,
649 1769 691 1840 τά
707 1772 745 1841 δέ
758 1770 796 1840 τὸ
812 1770 934 1852 κάλλος
947 1782 1064 1841 αἴτιον.

337 1868 398 1942 εἶθ’
416 1870 642 1958 έξαλειφθεϊσ’
660 1871 705 1954 ὡς
717 1870 833 1962 ἄγαλμ’
849 1865 953 1954 αὖθις
968 1874 1069 1943 πάλιν

336 1984 467 2061 αίσχιον
483 1973 571 2056 εἶδος
585 1971 661 2045 ἀντὶ
674 1983 736 2045 τοῦ
749 1983 855 2045 καλοῦ
875 1983 1007 2063 ἔλαβον,

336 2078 393 2145 καλ
405 2074 464 2156 τάς
477 2076 579 2163 τύχας
592 2077 656 2164 μὲν
668 2076 727 2159 τάς
740 2076 845 2158 κακὰς
858 2075 898 2159 ἀς
910 2086 978 2147 νῦν
992 2085 1055 2164 ἔχω

326 2175 485 2266 Ἕλληνες
502 2179 726 2267 ἐπελάθοντο,
743 2178 801 2260 τὰς
814 2181 852 2248 δέ
865 2179 910 2268 μὴ
924 2179 1029 2260 κακάς
1161 2189 1198 2244 26⁶

336 2287 459 2364 ἔσωζον
473 2277 584 2371 ὥσπερ
599 2278 658 2362 τὰς
670 2282 775 2362 κακὰς
788 2281 935 2366 σύζουσί
945 2310 1022 2369 μου.

335 2379 425 2465 ὅστις
440 2383 503 2471 μέν
517 2374 582 2453 οὖν
596 2391 643 2466 είς
658 2392 739 2472 μίαν
753 2382 954 2473 ἀποβλέπων
971 2385 1074 2472 τύχην

303 2526 317 2602 ρ
335 2483 525 2587 πρὸςθεοὸν
539 2494 712 2570 κακοῦται,
727 2486 817 2572 βαρύ
833 2490 906 2574 μέν,
925 2490 1056 2556 οἰστέον
1070 2483 1101 2556 δ’
1116 2481 1198 2572 ἀγοί

335 2584 429 2676 ἡμεῖς
444 2588 482 2657 δὲ
496 2595 634 2668 πολλαῖς
648 2605 837 2681 συμφοραῖς
852 2593 1043 2677 ἐγκείμεθα.

336 2690 546 2782 πρῶτονμὲν
561 2687 624 2760 ούκ
640 2681 716 2760 ούσ’
733 2688 865 2779 ἄδικος,
881 2693 948 2778 είμλ
962 2691 1135 2779 δυσκλεής·
1162 2700 1200 2756 λλθ

335 2794 505 2861 καὶτοῦτο
519 2801 631 2881 μεῖζον
645 2800 703 2881 τῆς
717 2789 879 2880 ἀληθείας
891 2793 1017 2880 κακόν,-

335 2891 425 2974 ὅστις
437 2893 478 2963 τὰ
491 2893 536 2982 μὴ
550 2895 720 2984 προσόντα
733 2897 888 2984 κέκτηται
902 2894 998 2964 κακά.

335 3002 448 3065 ἔπειτα
461 3002 621 3084 πατρίδος
635 3004 717 3066 θεοί
726 2994 756 3084 μ’
773 2995 1007 3085 ἀφιδρύσαντο
1023 3005 1082 3087 γῆς

335 3104 382 3178 είς
395 3095 533 3186 βάρβαρ’
549 3095 630 3187 ἤθη,
647 3101 704 3168 καλ
719 3106 830 3187 φίλων
844 3101 1015 3188 τητωμένη

334 3200 439 3289 δούλη
453 3199 628 3289 καθέστηκ’
645 3192 720 3270 ούσ’
737 3203 930 3292 ἐλευθέρων
944 3199 1025 3272 ἀπο·
1162 3207 1199 3262 λλῧ

334 3301 374 3372 τὰ
387 3303 570 3393 βαρβάρων
582 3302 647 3392 γὰρ
661 3309 769 3372 δούλα
782 3304 890 3374 πάντα
906 3302 995 3391 πλὴν
1008 3301 1091 3385 ἑνός.

333 3402 465 3494 ἀγκνρα
479 3402 511 3472 δ’
527 3401 550 3493 ἥ
562 3432 628 3491 μον
642 3402 700 3483 τάς
714 3405 816 3491 τύχας
829 3401 908 3492 άλχει
921 3406 1019 3493 μόνη,

334 3502 434 3574 πόσιν
448 3503 524 3573 ποθ’
541 3502 633 3586 ἥξειν
648 3511 709 3574 καί
716 3502 746 3591 μ’
763 3503 965 3584 ἀπαλλάξειν
978 3510 1101 3588 κακῶν,
